
@article{Allen_1954,
  title = {The influence of bottom sediments on the distribution of five species of bivalves in the {Little} {Annemessex} {River}, {Chesapeake} {Bay}.},
  volume = {68},
  journaltitle = {Nautilus},
  shortjournal = {Nautilus},
  author = {Allen, J.\:F.},
  date = {1954},
  pages = {56--65},
  langid = {english},
  note = {ЗИН: ИП 673 только микрофильм статьи}
}

@article{Bachelet_1980,
  title = {Growth and recruitment of the tellenid bivalve {Macoma} balthica at the southern limit of its geograpfical distribution, the {Gironde} estuary ({SW} {France})},
  volume = {59},
  journaltitle = {Marine biology},
  shortjournal = {Mar. {Biol}.},
  author = {Bachelet, G.},
  date = {1980},
  pages = {105--117},
  langid = {english}
}

@article{Bergh_1974,
  title = {Production of {Macoma} balthica ({L}.) ({Lamellibranchiata}) and notes on other ecologically important animals in {Tvaren} {Bay} in the {Baltic}},
  volume = {2},
  journaltitle = {Zoon},
  shortjournal = {Zoon},
  author = {Bergh, G.},
  date = {1974},
  pages = {143--152},
  langid = {english},
  note = {ЗИН: ИП 2893, П19438, ЗИН, В70}
}

@article{Beukema_et_al_2009,
  title = {Some like it cold: populations of the tellinid bivalve {Macoma} balthica ({L}.) suffer in various ways from a warming climate},
  volume = {384},
  abstract = {Because of its relatively low tolerance to elevated temperatures, Macoma balthica (L.) may be one of the first important marine species in temperate coastal areas to suffer from a warming climate. For the last few decades, the abundance of the species in the Dutch Wadden Sea has been seriously declining. At lower latitudes, the southern edge of its range recently shifted several 100s of km to the north. To understand changes in abundance related to high temperatures, we studied short-term population responses to warmer than average seasons using data from a long-term (\ensuremath{>} 35 yr) sampling program in the western Wadden Sea. The observed relationships included reduction of reproductive output and recruitment in years starting with mild winter–spring periods, reduction of adult survival in years with warm summers, reduction of annual migration in 8 mo olds to more favourable areas in mild winters, reduction of growth rates in warmer than average growing seasons, and enhancement of seasonal weight loss in milder than average winters. We conclude that elevated temperatures negatively affect population dynamics of M. balthica in a number of ways, i.e. via recruitment or mortality as well as growth. These negative influences were observed already far below the upper lethal temperature of the species and in populations living 1000 km poleward of the warm edge of the species’ range. The outcome of M. balthica’s energy balance appears to be decisive for their continued existence by effects not only on individual weights but also on mortality as well as reproduction.},
  journaltitle = {Marine {Ecology} {Progress} {Series}},
  shortjournal = {Mar. {Ecol}. {Prog}. {Ser}.},
  author = {Beukema, J. and Dekker, R. and Jansen, J.\:M.},
  date = {2009},
  pages = {135 -- 145},
  langid = {english},
  keywords = {динамика dynamic,изменение климата climat change,изменения массы weight changes,миграции migration,пополнение поселений recruitment,смертность mortality,температура воды water temperature,температура temperature,Macoma balthica,Wadden Sea}
}

@article{Beukema_Desprez_1986,
  title = {Single and dual annual growing seasons in the tellinid bivalve {Macoma} balthica ({L}.)},
  volume = {102},
  doi = {10.1016/0022-0981(86)90124-3},
  abstract = {Seasonal patterns of changes in length and weight during their second year of life were studied in two intertidal populations of the tellinid bivalve Macoma balthica (L.), viz. in The Netherlands (Wadden Sea) and in France (Seine estuary). The Wadden Sea population showed a single and short annual period of growth in spring (March through June), followed by a long annual period of nearly stagnant length growth and loss of weight of the soft parts. The Seine population started to grow earlier in the year (February), likewise retarded growth in summer, but restarted in autumn, thus showing a dual annual growing season with periods of rapid gain of length and weight both during spring and in October. The timing and the presence and absence of a second annual growing season are discussed in relation to temperature and feeding conditions in the various habitats.},
  number = {1},
  journaltitle = {Journal of {Experimental} {Marine} {Biology} and {Ecology}},
  shortjournal = {J. {Exp}. {Mar}. {Biol}. {Ecol}.},
  author = {Beukema, J. and Desprez, M.},
  date = {1986},
  pages = {35--45},
  langid = {english},
  note = {ЗИН: ИП 2629},
  keywords = {пищевые условия feeding conditions,сезон роста annual growing season,температура temperature,Macoma balthica}
}

@inbook{Beukema_et_al_1998,
  title = {Recruitment in {Macoma} balthica after mild and cold winters and its possible control by egg production and shrimp predation},
  booktitle = {Recruitment, {Colonization} and {Physical}-{Chemical} {Forcing} in {Marine} {Biological} {Systems}},
  publisher = {Springer},
  author = {Beukema, JJ and Honkoop, PJC and Dekker, R},
  date = {1998},
  pages = {23--34},
  langid = {english}
}

@article{Beukema_et_al_1985,
  title = {Effects of temperature on the length of the annual growing season in the tellinid bivalve {Macoma} balthica ({L}.) living on tidal flats in the {Dutch} {Wadden} {Sea}},
  volume = {90},
  doi = {10.1016/0022-0981(85)90115-7},
  abstract = {Frequent inspection of the shell margins during a 15-yr study of tidal flat populations of Macoma balthica (L.) in the western part of the Wadden Sea revealed that the annual growing season starts earlier (viz. early March compared with late March) if preceding winter temperatures were higher. The reversal of weight gain to weight loss used as an indicator of the end of the growing season occurs earlier in July if early-summer temperatures are higher. Thus, growth is restricted to the range of water temperatures between 4 and 16°C in spring. No growth was observed during the autumn at the same temperatures. Although low and high temperatures appear to delimit the annual spring growing season, total annual growth is not related to the length of the growing season nor to temperatures prevailing during this period. Feeding conditions appear to prevent growth in autumn and determine the highly variable growth rates within the temperature-set growing period in spring.},
  number = {2},
  journaltitle = {Journal of {Experimental} {Marine} {Biology} and {Ecology}},
  shortjournal = {J. {Exp}. {Mar}. {Biol}. {Ecol}.},
  author = {Beukema, J. and Knol, E. and Cadée, G.},
  date = {1985},
  pages = {129--144},
  langid = {english},
  note = {ЗИН: ИП 2969},
  keywords = {сезон роста annual growing season,температура temperature,Dutch Wadden Sea,Macoma balthica}
}

@article{Beukema_Meehan_1985,
  title = {Latitudinal variation in linear growth and other shell characteristics of {Macoma} balthica},
  volume = {90},
  number = {1},
  journaltitle = {Marine {Biology}},
  shortjournal = {Mar. {Biol}.},
  author = {Beukema, J.\:J. and Meehan, B.\:W.},
  date = {1985},
  pages = {27--33},
  langid = {english}
}

@book{ncf,
  title = {ncf: spatial nonparametric covariance functions},
  url = {http://CRAN.R-project.org/package=ncf},
  author = {Bjornstad, Ottar N.},
  date = {2013},
  langid = {english},
  note = {R package version 1.1-5}
}

@inproceedings{Bonsdorff_1983,
  title = {Recovery potential of macrozoobenthos from dredging in shallow brackish waters},
  booktitle = {Oceanol. {Acta}, {No}. {Sp}: ({Proc}. 17th {Eur}. {Symp}. {Mar}. {Biol}.)},
  author = {Bonsdorff, E.},
  date = {1983},
  pages = {27--32},
  langid = {english},
  note = {ЗИН: нет номера}
}

@article{Briggs_2011,
  title = {Marine extinctions and conservation},
  volume = {158},
  issn = {0025-3162},
  url = {http://dx.doi.org/10.1007/s00227-010-1596-0},
  abstract = {In contrast to the large number of terrestrial extinctions that have taken place over the past 12,000 years, there have apparently been very few marine extinctions. But these small losses should not be reason for complacency. During the past 50 years, government supported, commercial fishing has resulted in the collapse of about a thousand populations that once supplied most of the world’s seafood. For the collapsed species, now existing as small remnants of their former population sizes, the future is bleak. They suffer from loss of genetic diversity, inbreeding depression, and depensation. Because marine species were eliminated by historic climatic changes, continued global warming is likely to result in the extinction of small populations that already have a precarious existence. They may be considered evidence of an extinction debt that must be paid as the climate change becomes more severe. For some of the remnant species, extinction can be avoided if there is a rapid management conversion to the use of more marine protected areas (MPAs) and extensive ocean zoning where fishing is prohibited.},
  number = {3},
  journaltitle = {Marine {Biology}},
  shortjournal = {Mar. {Biol}.},
  author = {Briggs, John},
  date = {2011},
  pages = {485--488},
  langid = {english},
  note = {10.1007/s00227-010-1596-0},
  keywords = {and,Biomedical,Life,Sciences}
}

@article{Drent_2002,
  title = {Temperature responses in larvae of {Macoma} balthica from a northerly and southerly population of the {European} distribution range},
  volume = {275},
  abstract = {Planktonic marine invertebrate embryos and larvae experience high mortality rates. Processes during these early vulnerable stages of development are an important determinant of the dynamics of marine invertebrate populations. In order to evaluate possible specific local adaptations of the bivalve Macoma balthica (L.), larvae from parents living in Norway (Balsfjord) and France (Gironde Estuary) were reared in the laboratory at 10, 15 and 20оС. The rate of growth and the time it took to develop a foot were measured. Larvae grew faster and developed quicker at higher temperatures. This was true for both origins tested. Within temperature treatments, the French larvae always developed and grew fastest. Size at metamorphosis (defined as the appearance of the foot) was 250 mkm (SD = 12.7) in five out of the six cases; the only exception was Norwegian larvae kept at the highest temperature that metamorphosed at a smaller size (229 mkm, SD = 6.4). Size at metamorphosis thus appears to be largely independent of temperature. In both populations, instantaneous survival rates declined with temperature with no effect of origin. Instantaneous survival declined faster with temperature than development rates increased, resulting in lower net survival of larvae to metamorphosis at the higher temperatures. Although the French larvae had a shorter development time at the same temperature than the Norwegian larvae, the total survival of larvae from the two origins was not significantly different. The larvae of M. balthica of both populations prove to be tolerant to considerably higher rearing temperatures than they will ever experience in their natural habitat.},
  journaltitle = {Journal of {Experimental} {Marine} {Biology} and {Ecology}},
  shortjournal = {J. {Exp}. {Mar}. {Biol}. {Ecol}.},
  author = {Drent, J.},
  date = {2002},
  pages = {117--129},
  langid = {english},
  keywords = {время развития,выживаемость,личинки,метаморфоз,норма реакции,пластичность развития,Balsfjord (Норвегия),Gironde Estuary (Франция),Macoma balthica}
}

@article{Edjung_et_al_2000,
  title = {Benthic predator–prey interactions: evidence that adult {Monoporeia} affinis ({Amphipoda}) eat postlarval {Macoma} balthica ({Bivalvia})},
  volume = {253},
  abstract = {Predation by adults of the amphipod Monoporeia affinis on the plantigrade postlarval stage of the bivalve Macoma balthica was studied in the laboratory. We confirmed that M. affinis consumes small M. balthica. Amphipods offered 14 C-labelled postlarvae took up the radioactive tracer, while those presented Rhodamine B-stained postlarvae acquired gut contents fluorescing strongly in orange, whereas control amphipods did not. Both labelling methods proved convenient to use in laboratory experiments, and are particularly useful when organisms lack structures that can be easily identified after being ingested, or when cross-over reactions may bias the results of immunoassays. The results reported here support the conclusion from earlier studies that predation by M. affinis on M. balthica can affect population dynamics of M. balthica and is likely to be an important structuring factor in the low-diversity benthic macrofauna community of the Baltic Sea.},
  journaltitle = {Journal of {Experimental} {Marine} {Biology} and {Ecology}},
  shortjournal = {J. {Exp}. {Mar}. {Biol}. {Ecol}.},
  author = {Edjung, G. and Byren, L. and Elmgren, R.},
  date = {2000},
  pages = {243--251},
  langid = {english},
  keywords = {Балтийское море,отношения хищник-жертва,пост-ларвальные ракушки,хищничество,Amphipoda,Macoma balthica,Monoporeia affinis}
}

@article{Edjung_Elmgren_2001,
  title = {Predation by the benthic isopod {Saduria} entomon on two {Baltic} {Sea} deposit-feeders, the amphipod {Monoporeia} affinis and the bivalve {Macoma} balthica},
  volume = {266},
  abstract = {This laboratory study demonstrates that Saduria entomon prefers the amphipod Monoporeia affinis over the bivalve Macoma balthica. When offered bivalves only, S. entomon selects the smaller individuals. Predation by S. entomon may thus alter the species composition and size distributions of its prey community, which in the field is often dominated by these two species. When offered one M. balthica size class at a time, 30-mm-long isopods ate only bivalves of the 2–3 and 6–7 mm size classes and rejected classes 10–11 and 15–16 mm, even though they can open them. More bivalves were eaten in the 2–3 mm size class than in the 6–7 mm class, but energy yield was slightly higher from the 6–7 mm class. When 10- to 45-mm-long S. entomon were offered a range (1–22 mm). of bivalve sizes, they consistently selected small prey. The length of the largest bivalve eaten increased with predator size, without the smallest bivalves being excluded from the diet. Energy consumed increased with increasing predator size. The size-selective predation in our experiment results in preferential survival of larger prey. When given a choice between ; 5-mm-long M. balthica and ; 7-mm-long M. affinis in ratios of 0:40, 10:30, 20:20, 30:10 and 40:0 (total density of 3600 /m2, S. entomon clearly preferred the amphipod (preference constant 69), and ate very few bivalves. In the treatment with 30 bivalves and 10 amphipods, bivalves were not as strongly selected against as in other two-prey treatments. In a 28-day prey depletion experiment with an initial 1:1 prey ratio, almost all amphipods were consumed in the first week, after which bivalves started to be eaten.},
  journaltitle = {Journal of {Experimental} {Marine} {Biology} and {Ecology}},
  shortjournal = {J. {Exp}. {Mar}. {Biol}. {Ecol}.},
  author = {Edjung, G. and Elmgren, R.},
  date = {2001},
  pages = {165--179},
  langid = {english},
  keywords = {Балтийское море,кормодобывание,макробенос,пищевые предпочтения,размеры добычи,фуражировка,Amphipoda,Bivalvia,Isopoda,Macoma balthica,Monoporeia affinis,Saduria entomon}
}

@article{Geest_et_al2011,
  title = {Suitability of calcein as an in situ growth marker in burrowing bivalves},
  volume = {399},
  doi = {10.1016/j.jembe.2011.01.003},
  abstract = {The fluorochrome calcein has been used in numerous growth studies of molluscs to internally mark calcified structures. Because of interspecific variations in marking success and possible effects on growth performance, methodological assessments of the suitability of calcein as a growth marker, especially in field contexts, necessary. Here we report on the effects of different calcein concentrations (100, 200, 400 and 800 mg l−1) on fluorescent mark deposition, growth rate, density, body condition and size–frequency distribution of an intertidal infaunal bivalve species, Loripes lacteus (Linnaeus, 1758), using an outdoor immersion technique. To avoid stress caused by handling and transportation, in situ enclosures were placed at seagrass-covered patches during low tide, to which calcein solutions were added. After a 1.3- to 2.6-h period of exposure to calcein, the enclosures were removed. Sites were sampled three months later. All calcein concentrations produced live L. lacteus with a clear fluorescent shell mark, but the percentage successfully marked tended to increase with higher calcein concentrations. Furthermore, marking success and growth rate decreased significantly with shell size (i.e., age). Calcein concentration did not measurably affect shell growth rate, body condition and size–frequency distribution, but the numerical densities were lower for sites treated with calcein concentrations ≥ 400 mg l−1. Our results suggest that in situ calcein-marking of burrowing lucinid bivalves with low concentrations (100–200 mg l−1) is a non-invasive and rapid method to determine growth rate, provided that the lucinids are not too old. Флюорисцирующий кальций был использован в исследованиях по измерению роста моллюсков для internally маркировки кальциевых структур. В связи с внутривидовым варьированием в успешности маркирования и возможного эффека на ростовой perfomance, методологический assessments устойчивости кальция как растового маркека, особенно в контексте полевых исследований, necessary. Здесь мы покзываем эффекты различных концентраций кальция (100, 200, 400 and 800 mg l−1) на откладывание флуорисцентной метки, скорость роста, численность, body condition и частотное распределение литорального инфаунного вида Bivalvia, Loripes lacteus (Linnaeus, 1758), using an outdoor immersion technique.},
  journaltitle = {Journal of {Experimental} {Marine} {Biology} and {Ecology}},
  shortjournal = {J. {Exp}. {Mar}. {Biol}. {Ecol}.},
  author = {Geest, Matthijs van der and Gils, Jan A. van and Meer, Jaap van der and Olff, Han and Piersma, Theunis},
  date = {2011},
  pages = {1 -- 7},
  langid = {english},
  keywords = {взморник Seagrass,дневная скорость роста Daily Growth rate,литоральная илистая отмель intertidal mudflat,литораль intertidal zone,рост growth,флуорисцентные метки in situ fluorescent marking,Lucinidae,Mark-and-recapture,Zostera}
}

@inproceedings{Genelt-Yanovsky_et_al_2008,
  title = {Population structure and growth rates of the common cockle, {Cerastoderma} edule {L}. at the north-eastern distribution border ({The} {Barents} {Sea})},
  booktitle = {Abstracts of the postgraduate workshop of the {Marine} {Biological} {Association} of the {United} {Kingdom} (31 {March}-2 {April} 2008, {Aberystwyth} {University}, {Wales}, {UK})},
  author = {Genelt-Yanovsky, Eugeny and Granowitch, Andrey and Nazarova, Sophia and Strelkov, Petr},
  date = {2008},
  langid = {english},
  keywords = {Баренцево море Barents Sea,Cerastoderma edule,my publications}
}

@article{Gilbert_1973,
  title = {Growth rate, longevity and maximum size of {Macoma} balthica ({L}.)},
  volume = {145},
  abstract = {1. Growth rate and longevity were determind for a population of M.balthica at Rand Harbor, Falmouth, Mass., using a modification of the mark and recapture technique that allowed all marked individuals to be followed throughout a year. Dry weght biomass, dry shell weight and caloric content were also determined. 2. Caloric content is 4.049 kcal/ash-free g.Dry weight biomass and dry shell weight were found to have a similar allometric growth with constant of allometric growth with a constant of allometry of approximately 3 when measured against shell length. 3. The bivalves were discovered to grow year round with the peak period of growth occurring from May to August. A negatively linear relationship between initial length (X) and total annual increment (Y) was found (Y = -0.59 X + 12.85). 4. The growth curve for the Rand Harbor population revealed that within the first two years of life, M.balthica attains most of its total length. Growth ceases once a maximum size of 22-25 mm is reached and total longevity is estimated to be 6-10 years. 5. This results were compared to other studies and the theory that maximum size, growth rate and longevity are controlled by temperature presented and discussed.},
  number = {1},
  journaltitle = {Biological bulletin},
  shortjournal = {Biol. {Bull}.},
  author = {Gilbert, Mary Ann},
  date = {1973},
  pages = {119--126},
  langid = {english},
  note = {ЗИН: ИП 82},
  keywords = {калорийность caloric content,максимальный размер maximum size,продолжительность жизни longevity,рост growth,сводка по чужим данным,температура temperature,Falmouth,Macoma balthica,Massachusets,Rand Harbor}
}

@article{Gosselin_1997,
  title = {Juvenile mortality in benthic marine invertebrates},
  volume = {146},
  abstract = {Thirty years ago, Thoorson (1966; Neth.J.Sea Res. 3: 267-293) calculated that juvenile mortality in marine bivalves could exceed 98,6\%. Subsequently, juvenile mortality rates have been assumed to be high and to influence the evolution of life history traits. However, there have been no attempts to establish whether high juvenile mortality is common or is determine if interspecific trends in juvenile mortality exist. To adress thiss issue, we reviewed 30 studies of age-specific mortality among bivalves, gastropods, barnacles, ascidians, bryozoans and echinoderms. High juvenile mortality},
  journaltitle = {Marine {Ecology} {Progress} {Series}},
  shortjournal = {Mar. {Ecol}. {Prog}. {Ser}.},
  author = {Gosselin, Louis A. and Qian, Pei-Yuan},
  date = {1997},
  pages = {265 -- 282},
  langid = {english},
  keywords = {age of maturity,early juvenile,life history traits,mortality,mortality factors,population parametres,selective pressures,survivorship}
}

@article{Green_1973,
  title = {Growth and mortality in an arctic intertidal population of {Macoma} balthica ({Pelecypoda}, {Tellinidae})},
  volume = {30},
  journaltitle = {J. {Fish}. {Res}.{Bd} {Can}.},
  shortjournal = {J {Fish} {ResBd} {Can}},
  author = {Green, R. H.},
  date = {1973},
  pages = {1345--1348},
  langid = {english},
  note = {нет журнала}
}

@article{Hammer_et_al_2001,
  title = {{PAS}: {Palaeontological} {Statistical} package for education and data analysis},
  volume = {4},
  number = {9},
  journaltitle = {Palaeontologia {Electronica}},
  shortjournal = {Palaeontol. {Electron}.},
  author = {Hammer, Ø and Harper, DA and Ryan, PD},
  date = {2001},
  pages = {9},
  langid = {english}
}

@book{Hennig_Haudorf_2012,
  title = {prabclus: {Functions} for clustering of presence-absence, abundance and multilocus genetic data},
  url = {http://CRAN.R-project.org/package=prabclus},
  author = {Hennig, Christian and Hausdorf, Bernhard},
  date = {2012},
  langid = {english},
  note = {R package version 2.2-4}
}

@article{Hiddink_et_al_2002_predation_epifauna,
  title = {Predation on 0-group and older year classes of the bivalve {Macoma} balthica: interaction of size selection and intertidal distribution of epibenthic predators},
  volume = {269},
  issn = {0022-0981},
  url = {http://www.sciencedirect.com/science/article/B6T8F-44XCDX4-1/2/685cb120b1f6fc6c240e50d47f2df79b},
  doi = {DOI: 10.1016/S0022-0981(02)00002-3},
  abstract = {The bivalve Macoma balthica is a common species in the Wadden Sea and North Sea. Juveniles temporarily use nurseries in the high intertidal. To explain this nursery use, predation pressure was examined for both juvenile and adult Macoma at low and high tidal flats. The study was carried out in the eastern Dutch Wadden Sea. Shrimps Crangon crangon, adult crabs Carcinus maenas, gobies Pomatoschistus and juvenile flatfish were more abundant and larger on low than on high tidal flats, but 0-group Carcinus was more abundant on the high tidal flats. Crangon and 0-group Carcinus stomachs frequently contained Macoma remains. These predators selectively preyed on small 0-group Macoma, both in the field and in laboratory experiments. The effect of predation by epibenthic animals and birds, on the low and high tidal flats, was examined in exclosure experiments (2 mm mesh). There was no effect of epibenthos exclosure on adult Macoma. For 0-group Macoma, densities were higher in exclosures than in the controls where predators had normal access. The density reduction by epibenthic predators was much larger in the low than in the high intertidal. We found no effect of bird predation on densities of 0- and 1+group Macoma. Thus, 0-group Macoma is under high predation pressure by epibenthos in the low intertidal, especially by shrimps, while they are relatively safe in the high intertidal. However, most of the shellfish outgrow their epibenthic predators during their first summer. Therefore, it becomes safe for the bivalves to redistribute to locations where epibenthic predators are abundant, during their first winter. On the other hand, it did not become clear from this study why many of the larger Macoma leave the high intertidal. Concluding, the nursery use of Macoma-spat in the high intertidal is probably, at least partly, an adaptation to avoid epibenthic predation.},
  number = {2},
  journaltitle = {Journal of {Experimental} {Marine} {Biology} and {Ecology}},
  shortjournal = {J. {Exp}. {Mar}. {Biol}. {Ecol}.},
  author = {Hiddink, J.\:G. and Marijnissen, S.\:A.\:E. and Troost, K. and Wolff, W.\:J.},
  date = {2002},
  pages = {223 -- 248},
  langid = {english},
  keywords = {Caging,studies}
}

@article{Hiddink_2003,
  title = {Effects of suction-dredging for cockles on non-target fauna in the {Wadden} {Sea}},
  volume = {50},
  issn = {1385-1101},
  url = {http://www.sciencedirect.com/science/article/B6VHH-49SNG01-2/2/66262dc71e1ba7be6afac8241b54b28f},
  doi = {DOI: 10.1016/j.seares.2003.06.002},
  abstract = {Suction dredging for cockles removes large cockles from tidal flats and may also cause mortality of non-target fauna and make the habitat less suitable for some species. This study examines whether suction dredging for cockles on tidal flats of the Dutch Wadden Sea had affected densities of non-target fauna, directly after fishing and one year later. Densities of non-target fauna in two randomly chosen undredged locations were compared to densities at the surrounding heavily commercially dredged area. A significant negative effect of cockle dredging on densities of 0-group Macoma balthica was observed and this effect persisted one year after dredging. The dredged area appeared to be less suitable for settlement of mussels Mytilus edulis. No significant effects of dredging on the mudsnail Hydrobia ulvae and on 0 and 1-group C. edule were found. For the mobile young Macoma balthica it seems unlikely that the effect found after one year was still due to the mortality caused by dredging and this suggests that the habitat was less suitable as a consequence of dredging. Thus, even in the highly dynamic ecosystem of the Wadden Sea, effects of bottom disturbance by cockle dredging may persist after one year.},
  number = {4},
  journaltitle = {Journal of {Sea} {Research}},
  shortjournal = {J. {Sea} {Res}.},
  author = {Hiddink, J. G.},
  date = {2003},
  pages = {315 -- 323},
  langid = {english},
  keywords = {Dredging}
}

@article{Hummel_et_al_1998,
  title = {Growth in the bivalve {Macoma} balthica from its northern to its southern distribution limit: a discontinuity in {North} {Europe} because of genetic adaptations in {Arctic} populations?},
  volume = {120},
  abstract = {The hypothesis was tested that towards a species limit of distribution its performance, such as growth or fitness, decreases. To this end, latitudinal changes in growth, maximum attainable length and genetic constitution were assessed for the Baltic clam, Macoma balthica (L.), at stations ranging from the most southern distribution limit (France) to its most north-eastern limit in the Arctic Pechora Sea (North Russia). Growth was analyzed by means of growth-rings on the shells, the genetic constitution by electrophoretic isoenzyme analysis. Growth patterns and the genetic constitution of populations from West Europe, North Europe and the White Sea were similar, whereas the populations from the Pechora Sea are distinct from the other populations. The performance of clams in the Pechora Sea populations, with a relatively low annual growth but high maximum length, was, in contrast to the hypothesis, not decreased. It is concluded that the Pechora Sea populations form a separate group, genetically different from other European populations and adapted to the Arctic conditions.},
  number = {1},
  journaltitle = {Comparative {Biochemistry} and {Physiology} - {Part} {A}: {Molecular} \& {Integrative} {Physiology}},
  shortjournal = {Comp. {Biochem}. {Physiol}. - {Part} {Mol}. {Integr}. {Physiol}.},
  author = {Hummel, H. and Bogaards, R. and Bek, T. and Polishchuk, L. and Sokolov, K. and Amiard-Triquetc, C. and Bachelet, G. and Despreze, M. and Naumov, A. and Strelkov, P. and Dahle, S. and Denisenko, S. and Gantsevich, M. and Wolf, L. de},
  date = {1998},
  pages = {131--141},
  langid = {english},
  keywords = {адаптации,Арктика,генетика,границы распределения,длина раковины,рост,geographic cline,Macoma balthica}
}

@article{Jensen_Jensen_1985,
  title = {{THE} {IMPORTANCE} {OF} {SOME} {EPIBENTHIC} {PREDATORS} {ON} {THE} {DENSITY} {OF} {JUVENILE} {BENTHIC} {MACROFAUNA} {IN} {THE} {DANISH} {WADDEN} {SEA}},
  volume = {89},
  abstract = {Recruitment of Cerastoderma edule (L.), Mya arenaria L., Mytilus edulis L., and Macoma balthi- ca (L.) on an intertidal flat in the Danish Wadden Sea was very successful in a year following a severe winter. Initially, densities of Cerastoderma edule up to 60000 ind’m-s were observed but shortly after settling declining densities occurred. Among the main epibenthic predators on juvenile animals on the flat, small individuals of the shore crab, Carcinus maenas (L.) were found to be important. Thus, laboratory experi- ments demonstrated that juvenile crabs in particular were preying on Cerastoderma edule. The juvenile crabs arrived simultaneously with the spat of C. edule. In July and August, the production of juvenile crabs was estimated to account for 26.1\% of the elimination of cockles. Later the cockles were protected from predation by crabs by size. Analysis of stomach contents showed that another dominating predator on the flat, Crangon crangon (L.), was mainly feeding on meiofauna. We suggest that the juvenile individuals of Carcinus maenas play a key role in structuring the benthic community in the Wadden Sea by preventing the development of cockle beds.},
  journaltitle = {Journal of {Experimental} {Marine} {Biology} and {Ecology}},
  shortjournal = {J. {Exp}. {Mar}. {Biol}. {Ecol}.},
  author = {Jensen, Kurt Thomas and Jensen, Jørgen Nørrevang},
  date = {1985},
  pages = {157 -- 174},
  langid = {english},
  keywords = {Carcinus maenas,Cerastoderma edule,elimination,production,settlement,size refuge,Wadden Sea}
}

@article{Laakso_1965,
  title = {The bottom fauna in the surroundings of {Helsinki}},
  volume = {2},
  journaltitle = {Ann. {Zool}. {Fenn}.},
  shortjournal = {Ann {Zool} {Fenn}},
  author = {Laakso, M.},
  date = {1965},
  pages = {18--37},
  langid = {english},
  note = {ЗИН: нет журнала}
}

@article{Lavoie_et_al_1968,
  title = {Age et croissance de {Macoma} balthica {L}. 5 {Cacouna}-est darts l'estuaire du {St}-{Laurant}.},
  volume = {95},
  journaltitle = {Naturaliste can.},
  shortjournal = {Nat. {Can}},
  author = {Lavoie, R. and Tremblay, J. L. and Filteau, G.},
  date = {1968},
  pages = {887--895},
  langid = {english},
  note = {ЗИН: нет номера}
}

@thesis{Lavoie_1970,
  title = {Contribution à la biologie et à l'écologie de {Macoma} balthica {L}. de l'estuaire du {Saint}-{Laurent}},
  institution = {Université {Laval}, {Québec}},
  type = {phdthesis},
  author = {Lavoie, René E},
  date = {1970},
  langid = {english}
}

@article{McErlean_1964,
  title = {Characteristics of {Macoma} balthica populations in the {Middle} {Patuxent} {Estuary}},
  volume = {5},
  journaltitle = {Chesapeake {Science}},
  shortjournal = {Chesap. {Sci}.},
  author = {McErlean, A.},
  date = {1964},
  pages = {200--208},
  langid = {english},
  note = {ЗИН: ИП 2643}
}

@inproceedings{Nazarova_et_al_2007,
  title = {Invertebrate scavengers feeding on dead mussels ({Mytilus} edulis {L}.) in subtidal communities of the {Kandalaksha} bay (the {White} {Sea})},
  booktitle = {42nd {European} {Marine} biology simposium. 27-31 august 2007, {Kiel}.{Abstracts}.},
  author = {Nazarova, Sophia and Genelt-Yanovsky, Eugeny and Volkov, Kirill and Poloskin, Alexey},
  date = {2007},
  langid = {english}
}

@article{Nikula_et_al_2007,
  title = {Diversity and {Trans}-{Arctic} {Invasion} {History} of {Mitochondrial} {Lineages} in the {North} {Atlantic} {Macoma} balthica {Complex} ({Bivalvia}: {Tellinidae})},
  volume = {61},
  number = {4},
  journaltitle = {Evolution},
  shortjournal = {Evolution},
  author = {Nikula, Raisa and Strelkov, Petr and V\"ain\"ol\"a, Risto},
  date = {2007},
  pages = {928--941},
  langid = {english}
}

@book{Oksanen_et_al_2013,
  title = {vegan: {Community} {Ecology} {Package}},
  url = {http://CRAN.R-project.org/package=vegan},
  author = {Oksanen, Jari and Blanchet, F. Guillaume and Kindt, Roeland and Pierre Legendre and Minchin, Peter R. and O'Hara, R. B. and Simpson, Gavin L. and Solymos, Peter and Stevens, M. Henry H. and Wagner, Helene},
  date = {2013},
  langid = {english},
  note = {R package version 2.0-10},
  keywords = {community ecology,methods,R,statistics,vegan}
}

@article{Veer_et_al_2008,
  title = {Phylogeography of the common shrimp, {Crangon} crangon ({L}.) across its distribution range},
  volume = {46},
  doi = {10.1016/j.ympev.2007.11.011},
  abstract = {The common or brown shrimp Crangon crangon (L.) is a highly abundant and important taxon, both ecologically and commercially, yet knowledge on its population structure and historical biogeography is limited. We studied population genetic structure across the distribution range of this species by sequencing a 388 bp fragment of the cytochrome-c-oxidase I gene for 140 individuals from 25 locations. Strong population structuring and high levels of genetic diversity were observed. Four main phylogroups were uncovered: northeastern Atlantic, western Mediterranean, Adriatic Sea and Black Sea. Gene flow of these shrimp across known oceanographical barriers (e.g., the Strait of Gibraltar and/or Oran-Almeria front, Sicilian Straits, and Turkish Straits) is severely restricted. The oldest and most variable populations currently inhabit the western Mediterranean. The observed absence of structure across the entire northeastern Atlantic shelf is proposed not to be due to gene flow, but to relatively recent colonization following the glacial cycles of the late Pleistocene. Black Sea shrimp are currently disconnected from Mediterranean populations, and colonization is inferred, on the basis of coalescent analysis, to have happened relatively recently, but possibly earlier than 7000 years ago. We postulate the hypothesis that C. crangon survived the last brackish-water (\ensuremath{<}7‰) period inside the Black Sea and/or one of the adjacent inland seas. We conclude that (1) common shrimp populations from different basins are strongly differentiated, (2) gene flow across basins is probably very limited, and (3) the biogeographic history of the taxon is largely in accordance with the geographic history of its distribution range. This study provides further evidence that high population connectivity of marine species (e.g., by policy makers) should not be assumed.},
  journaltitle = {Molecular phylogenetics and evolution},
  shortjournal = {Mol. {Phylogenet}. {Evol}.},
  author = {Henk W. van der Veer and Joana Campos, and Judith van Bleijswijk and Katja T.C.A. Peijnenburg and Pieternella C. Luttikhuizen},
  date = {2008},
  pages = {1015--1030},
  langid = {english},
  keywords = {Генетика Genetics,Филогеография Phylogeography,COI,Conservation genetics,Crangon crangon}
}

@article{Reading_1979,
  title = {Changes in the downshore distribution of {Macoma} balthica ({L}.) in relation to shell length},
  volume = {8},
  doi = {10.1016/0302-3524(79)90101-4 10.1016/0302-3524(79)90101-4},
  abstract = {The downshore distribution of an intertidal population of Macoma balthica (L.) in the Wash was studied between May 1972 and June 1975. Although the whole population was distributed in a wide zone between high water neaps and just below mid shore level there were differences between the distributions of the large and small animals. These differences were the result of a downshore change in the distribution of M. balthica with increase in size and were correlated with the distribution of the two main substratum particle sizes (63–125 μm; 125–350 μm).},
  number = {1},
  journaltitle = {Estuarine and coastal marine science},
  shortjournal = {Estuar. {Coast}. {Mar}. {Sci}.},
  author = {Reading, C.},
  date = {1979},
  pages = {1--13},
  langid = {english},
  note = {ЗИН: ИП 3481},
  keywords = {литораль intertidal zone,распределение distribution,Северное море North Sea,Bivalvia,Macoma balthica,particle size}
}

@book{R_2014,
  location = {Vienna, {Austria}},
  title = {R: {A} {Language} and {Environment} for {Statistical} {Computing}},
  url = {http://www.R-project.org/},
  publisher = {R {Foundation} for {Statistical} {Computing}},
  author = {R Core Team},
  date = {2014},
  langid = {english},
  keywords = {R}
}

@book{Sarkar_2008,
  location = {New {York}},
  title = {Lattice: {Multivariate} {Data} {Visualization} with {R}},
  url = {http://lmdvr.r-forge.r-project.org},
  publisher = {Springer},
  author = {Sarkar, Deepayan},
  date = {2008},
  langid = {english},
  note = {ISBN 978-0-387-75968-5}
}

@article{Segerstrale_1962,
  title = {Investigation on baltic populations of the bivalve {Macoma} balthica ({L}.). {Part} {II}},
  volume = {24},
  number = {7},
  journaltitle = {Soc. {Sci}. {Fenn}. {Comment}. {Biol}.},
  shortjournal = {Soc {Sci} {Fenn} {Comment} {Biol}},
  author = {Segerstr\a ale, S.\:G.},
  date = {1962},
  pages = {3 -- 26},
  langid = {english}
}

@article{Segerstrale_1960,
  title = {Investigation on baltic populations of the bivalve {Macoma} balthica ({L}.)},
  volume = {23},
  number = {2},
  journaltitle = {Soc. {Sci}. {Fenn}. {Comment}. {Biol}.},
  shortjournal = {Soc {Sci} {Fenn} {Comment} {Biol}},
  author = {Segerstr\a ale, S.\:G.},
  date = {1960},
  pages = {3 -- 72},
  langid = {english}
}

@article{Segerstrale_1969,
  title = {Biological fluctuations in the {Baltic} {Sea}},
  volume = {5},
  journaltitle = {Progress in {Oceanography}},
  shortjournal = {Prog. {Oceanogr}.},
  author = {Segerstr\a ale, Sven G},
  date = {1969},
  pages = {169--184},
  langid = {english}
}

@article{Seitz_2011,
  title = {Gradient effects on structuring of soft-bottom benthic infauna: {Macoma} balthica and predation, recruitment, and food availability},
  volume = {409},
  doi = {10.1016/j.jembe.2011.08.014},
  abstract = {Infaunal benthic community structure can be affected by factors that operate locally (e.g., predation, competition, and disturbance) and regionally (e.g., recruitment, nutrient delivery). To determine the mechanisms driving distribution of a dominant infaunal clam, Macoma balthica, along a salinity (i.e., stress) gradient in the York River, Chesapeake Bay, I experimentally examined the effects of predation, recruitment, and food availability in shallow, subtidal, soft-bottom habitats. Specifically, in upriver and downriver zones I quantified: (1) the abundance of M. balthica; (2) the effect of predation on survival of M. balthica; (3) the abundance and foraging efficiency of major epibenthic predators; (4) the recruitment of M. balthica; and (5) the food availability for clams (sedimentary carbon). Consumer stress models predict that predators are more stressed in zones where salinity is lower and more variable (i.e., upriver); thus, predator-induced mortality should be lower upriver, potentially elevating the density of infaunal prey. In contrast to these models, in the York River, (1) natural abundance of M. balthica was higher upriver, (2) both predation-induced mortality in manipulative field experiments as well as field measurements of natural mortality of clams over time were higher upriver, though per capita foraging efficiency was lower, (3) predator abundance but not size was greater upriver where predation intensity was higher, (4) recruitment was lower upriver, and (5) food availability (sedimentary carbon) was greater upriver. Clam density, environmental stress, and per capita foraging efficiency were in accord with a consumer stress model of community regulation, whereas higher predator abundance and predation intensity in zones of higher environmental stress were contrary to the model's predictions. Recruitment did not dictate overall patterns of clam abundance, but habitat quality and nutrients appeared to drive prey and predator abundances. The patterns in this soft-bottom community are explained best by a productivity model, as reflected in a community governed principally by resource availability (i.e., bottom–up control), at a broad scale. This research suggests that structuring forces are similar for rocky inter-tidal, salt marsh, and soft-bottom communities at broad spatial scales.},
  journaltitle = {Journal of {Experimental} {Marine} {Biology} and {Ecology}},
  shortjournal = {J. {Exp}. {Mar}. {Biol}. {Ecol}.},
  author = {Seitz, Rochelle D.},
  date = {2011},
  pages = {114--122},
  langid = {english},
  keywords = {пополнение поселений recruitment,системы мягких грунтов soft-bottom system,эстуарные градиенты estuarine gradient,bottom-up control,Macoma balthica}
}

@article{Strasser_Gunter_2001,
  title = {Larval supply of predator and prey: temporal mismatch between crabs and bivalves after a severe winter in the {Wadden} {Sea}},
  volume = {46},
  number = {1},
  journaltitle = {Journal of {Sea} {Research}},
  shortjournal = {J. {Sea} {Res}.},
  author = {Strasser, Matthias and Günther, Carmen-Pia},
  date = {2001},
  pages = {57--67},
  langid = {english}
}

@article{Stromgren_et_al_1973,
  title = {Intertidal distribution of the fauna on muddy beaches in the {Borgenfjord} area},
  volume = {53},
  abstract = {The intertidal fauna in three muddy beaches in Borgenfjorden (Trondheimsfjorden, western coast of Norway) is described. A Macoma community dominates, with pronounced zonation hrom high to low water. The zonation is assumed to be mainly due to the period of submergence. The patchiness of the most abundant species is investigated by a combination of the variance/expected number ratio and a correlation method. The result indicates that if patches occur, they are smaller than 10 cm or larger than 100 cm in extension. Simpsons index of diversity (\lambda) seems to be reduced with increased environmrental stress. A linear correlation was found between \lambda and the Shannon-Weaver function H.},
  journaltitle = {Sarsia},
  shortjournal = {Sarsia},
  author = {Stro:mgren, T. and Lande, R. and Engen, S.},
  date = {1973},
  pages = {49--70},
  langid = {english},
  note = {ЗИН: ИП 2115},
  keywords = {distribution,Macoma}
}

@article{Thrush_et_al_1989,
  title = {Patterns in the spatial arrangements of polychaetes and bivalves in intertidal sandflats},
  volume = {102},
  number = {4},
  journaltitle = {Marine biology},
  shortjournal = {Mar. {Biol}.},
  author = {Thrush, SF and Hewitt, JE and Pridmore, RD},
  date = {1989},
  pages = {529--535},
  langid = {english},
  file = {Thrush_et_al_1989_Patterns_in_the_spatial_arrangements_of.pdf:/home/sonya/Library/Articles/Thrush_et_al_1989_Patterns_in_the_spatial_arrangements_of.pdf:application/pdf}
}

@article{Turk_et_al_1980,
  title = {Sedimentological and biological changes in the {Windsor} mudfiat, an area of induced siltation.},
  volume = {37},
  journaltitle = {Can. {J}. {Fish}. aquat. {Sci}.},
  shortjournal = {Can {J} {Fish} {Aquat} {Sci}},
  author = {Turk, T. R. and Risk, M. J. and Hirtle, R. W. M. and Yeo, R. K.},
  date = {1980},
  pages = {1387--1397},
  langid = {english},
  note = {ЗИН: ИП 167}
}

@article{Varfolomeeva_Naumov_2013,
  title = {Long-term temporal and spatial variation of macrobenthos in the intertidal soft-bottom flats of two small bights ({Chupa} {Inlet}, {Kandalaksha} {Bay}, {White} {Sea})},
  volume = {706},
  issn = {0018-8158},
  url = {http://dx.doi.org/10.1007/s10750-012-1341-4},
  doi = {10.1007/s10750-012-1341-4},
  number = {1},
  journaltitle = {Hydrobiologia},
  shortjournal = {Hydrobiologia},
  author = {Varfolomeeva, Marina and Naumov, Andrew},
  date = {2013},
  pages = {175--189},
  langid = {english},
  keywords = {Long-term studies,Soft-bottom intertidal assemblages,Spatial and temporal scale,The White Sea}
}

@article{Vincent_et_al_1989,
  title = {Effets de la densité sur la croissance du bivalve {Macoma} balthica ({L}.) en zone intertidale},
  volume = {126},
  doi = {10.1016/0022-0981(89)90086-5},
  abstract = {Experimental and descriptive field studies were conducted on an intertidal population of the infaunal bivalve Macoma balthica (L.) in the St Lawrence estuary in order to investigate the effect of density on growth and recruitment. The study of spatial variations in density and shell growth on the tidal flat was based on a stratified random sampling using three tidal level zones as strata. Mean population density over the whole area was 1302 · m −2; densities were higher and more variable near mean water level. Shell-growth rate and mean shell length of each generation increased with immersion time. There was a strong density effect on shell growth which increased with tidal level. The population was food limited in the upper two-thirds of the flat. The effect of density on shell growth was confirmed by a completely randomized block design experiment in the upper intertidal level. There was also a density effect on total tissue dry weight and on gonad size, but there was no significant effect of adult density on recruitment.},
  journaltitle = {Journal of {Experimental} {Marine} {Biology} and {Ecology}},
  shortjournal = {J. {Exp}. {Mar}. {Biol}. {Ecol}.},
  author = {Vincent, B. and Joly, D. and Brassard, C.},
  date = {1989},
  pages = {145--162},
  langid = {english},
  note = {ЗИН: ИП 2629},
  keywords = {влияние плотности Dencity effect,гонады gonad,литораль intertidal zone,полевой эксперимент field experiment,рост growth,Macoma balthica}
}

@article{Vogel_1959,
  title = {Wachstumsunterbrechungen bei {Lamellibranchiaten} und {Brachiopoden}},
  volume = {109},
  journaltitle = {N.{Jb}.{Geol}.{Palaeont}.},
  shortjournal = {N.{Jb}.{Geol}.{Palaeont}.},
  author = {Vogel, K.},
  date = {1959},
  pages = {109--129},
  langid = {english},
  note = {картинка из Segerstrale}
}

@article{Vainola_2003,
  title = {Repeated trans-{Arctic} invasions in littoral bivalves: molecular zoogeography of the {Macoma} balthica complex},
  volume = {143},
  number = {5},
  journaltitle = {Marine {Biology}},
  shortjournal = {Mar. {Biol}.},
  author = {V\"ain\"ol\"a, R},
  date = {2003},
  pages = {935--946},
  langid = {english}
}

@article{Wenne_Klusek_1985,
  title = {Longevity, growth and parasites of {Macoma} balthica {L}. in {Gdansk} {Bay} ({South} {Baltic})},
  volume = {32},
  abstract = {In years 1980 – 1982, samples were collected with a dredge from several sampling stations situated in Gdansk Bay. The growth rate of Macoma balthica was determined by reading of annual growth ring on shell. Moreover, the sex ratio and degree of infection by Trematoda were estimated. In the central part of Gdansk Bay(depth 35 – 75 m), M.balthica lives longest and attains the greatest size of shell. The growth of M.balthica shell is described by von Bertalanffy equation and by logarithmic equation (above 1 year of life). The rate of M.balthic shell growth in 4 years old and older individuals is smaller in Inner Puck Bay than in the remaining part of Gdansk Bay. Likewise, the rate of the increase in dry weight of body and shell is lowest in the Inner Puck Bay. The proportion of females (u to 60\%),being highest in the population from the Puck Bay and from the more shallow part of Gdansk Bay is untypical of M.balthica. The degree of infection of the M.balthica population from Gdansk Bay by Parvatrema affinis (up to 3.7\%) is very low. After a discussionof the literature data reporting maximal length, age and growth rate of M.balthica in various geographic regions, the occurrence of optimal regon characterized by greater growth rate of this bivalve, was postulated. This is partly opposed to the hypothesis of a drop in the M.balthica growth rate with an increase in latitude.},
  number = {1},
  journaltitle = {Polish archives of hydrobiology},
  shortjournal = {Pol. {Arch}. {Hydrobiol}.},
  author = {Wenne, Roman and Klusek, Zygmunt},
  date = {1985},
  pages = {31--45},
  langid = {english},
  note = {ЗИН: ИП 660}
}

@article{Gusev_2012,
  title = {Рост и продукция двустворчатого моллюска {Macoma} balthica ({Linnaeus}, 1758) ({Cardiida}: {Tellinidae}) в юго-восточной части {Балтийского} моря},
  volume = {38},
  number = {1},
  journaltitle = {Биология моря},
  shortjournal = {Биология {Моря}},
  author = {А. А. Гусев, Е. М. Юргенс-Маркина},
  date = {2012},
  pages = {57 -- 64},
  langid = {russian},
  keywords = {Балтийское море Baltic Sea,продукция production,рост growth,Macoma balthica}
}

@inproceedings{Agarova_et_al_1976,
  location = {Апатиты},
  title = {Распределение и экология донной фауны на литоральной отмели {Дальнего} {Пляжа}},
  booktitle = {Экологические исследования песчаной литорали},
  author = {Агарова, ИЯ and Воронова, МН and Гальцова, ВВ and Иоффе, БИ and Летова, НВ and Стрельцов, ВЕ and Стрельцова, СИ},
  date = {1976},
  pages = {95--186},
  langid = {russian},
  keywords = {Дальний пляж,зообентос,литораль}
}

@inproceedings{Adrov_1992,
  location = {Апатиты},
  title = {Два аспекта для формирования благоприятных для первичного продуцирования условий в водных массах полярных районов океана},
  booktitle = {Теоретические подходы к изучению экосистем морей {Арктики} и {Субарктики}},
  author = {Адров, Н.М.},
  date = {1992},
  pages = {9 -- 18},
  langid = {russian}
}

@inproceedings{Azarov_1963,
  location = {Воронеж},
  title = {Питание рыб на литорали островов {Ряжкова} и {Лодейного} в {Белом} море ({Кандалакшский} залив)},
  volume = {2},
  booktitle = {Труды {ББС} {МГУ} — {Труды} {Кандалакшского} государственного заповедника},
  publisher = {{ББС} {МГУ}, {КГЗ}},
  author = {Азаров, В.\:В.},
  date = {1963},
  pages = {35 -- 53},
  langid = {russian},
  keywords = {Белое море,Кандалакшский заповедник,питание,птицы,рыбы,Macoma balthica}
}

@inproceedings{Alexeev_1976,
  location = {Апатиты},
  title = {Приливно-отливное и волновое воздействие на отложения литоральной отмели {Дальнего} пляжа},
  booktitle = {Экологические исследования песчаной литорали},
  author = {Алексеев, В.В.},
  date = {1976},
  pages = {26 -- 29},
  langid = {russian}
}

@inproceedings{Aristov_et_al_2006,
  title = {Питание хищных беспозвоночных в прибрежной зоне {Белого} моря},
  booktitle = {Материалы {X} научной конференции {ББС} им. {Перцова} 9-10 августа 2006 года},
  author = {Аристов, Дмитрий Алексеевич and Назарова, София Александровна and Горных, Александр Евгеньевич and Генельт-Яновский, Евгений Александрович and Полоскин, Алексей Валерьевич},
  date = {2006},
  pages = {24--26},
  langid = {russian}
}

@inproceedings{Babkov_1985,
  title = {О принципах выделения гидрологических сезонов на примере губы {Чупа} {Белого} моря},
  volume = {31 (39)},
  abstract = {В основные гидрологические сезоны (зима и лето) океанологические характеристики изменяются относительно медленно , в переходные сезоны (весна и осень) эти же характеристики изменяются наиболее быстро. Для выделения гидрологических сезонов определяются даты наиболее быстрого измененияя температуры при ее повышении или понижении. Конец весны и начало осени определяются датами, когда скорости изменения температуры достигат максимума; начало весны и конец осени определяются датами перехода воды через ноль. Период отрицательных температур воды соответствует гидрологической зиме. Период между датами максимальных скоростей соответствует гидрололическому лету.},
  booktitle = {Биоценозы губы {Чупы} {Белого} моря и их сезонная динамика. {Исследования} фауны морей.},
  author = {Бабков, А. И.},
  date = {1985},
  langid = {russian},
  keywords = {Белое море,гидрологические сезоны,гидрология,губа Чупа,температура}
}

@inproceedings{Babkov_1982,
  title = {Краткая гидрологическая характеристика губы {Чупа} {Белого} моря},
  booktitle = {Экологические исследования перспективных объектов марикультуры фауны {Белого} моря},
  publisher = {Л},
  author = {Бабков, А.И.},
  date = {1982},
  pages = {3 -- 16},
  langid = {russian}
}

@book{Babkov_Golikov_1984,
  title = {Гидробиокомплексы {Белого} моря},
  pagetotal = {104},
  publisher = {Л.: {Изд}. {Зоол}. ин-та {РАН}},
  author = {Бабков, А.И. and Голиков, А.Н.},
  date = {1984},
  langid = {russian}
}

@article{Bezrukov_Lisicyn_1960,
  title = {Классификация осадков современных морских водоемов},
  volume = {32},
  journaltitle = {Тр. {ИО} {АН} {СССР}},
  shortjournal = {Тр {ИО} {АН} {СССР}},
  author = {Безруков, П.\:Л. and Лисицын, А.\:П.},
  date = {1960},
  pages = {3--14},
  langid = {russian}
}

@article{Bianki_et_al_2003,
  title = {Питание гоголей {Bucephala} clangula в {Кандалакшском} заливе},
  volume = {12},
  number = {225},
  journaltitle = {Русский орнитологический журнал},
  shortjournal = {Русский {Орнитологический} {Журнал}},
  author = {Бианки, В.\:В. and Бойко, Н.\:С. and Хайтов, В.\:М.},
  date = {2003},
  pages = {615 -- 629},
  langid = {russian}
}

@inproceedings{Boldina_1968,
  location = {Петрозаводск},
  title = {Биология и жизненный цикл краба {Hyas} araneus в {Онежском} заливе {Белого} моря},
  volume = {т.{V}, вып. 2},
  booktitle = {Труды {Карельского} отделения {Гос} {НИОРХ}},
  publisher = {Карельское книжное издательство},
  author = {Болдина, Н. Л.},
  date = {1968},
  pages = {129 -- 133},
  langid = {russian},
  note = {ЗИН: П 722},
  keywords = {Белое море,Decapoda,Hyas araneus}
}

@article{Voronkov_et_al_1948,
  title = {Основные черты гидрохимического режима прибрежной зоны {Баренцева} моря в районе {Центрального} {Мурмана}},
  volume = {1},
  journaltitle = {Труды {Мурманского} морского биол. ин-та {АН} {СССР}},
  shortjournal = {Труды {Мурманского} {Морского} {Биол} {Ин}-{Та} {АН} {СССР}},
  author = {Воронков, ПП and Уралов, НС and Черновская, ЕН},
  date = {1948},
  pages = {39--101},
  langid = {russian}
}

@article{Genelt_et_al_2001,
  title = {Разработка комплексных методов количественного учета и картирования литоральных макробентосных беспозвоночных},
  volume = {26},
  journaltitle = {Аничковский {Вестник}. {Юношеский} морской биологический симпозиум ({Санкт}-{Петербург}. 12-15 апреля 2000)},
  shortjournal = {Аничковский {Вестник} {Юношеский} {Морской} {Биологический} {Симпозиум} {Санкт}-{Петербург} 12-15 {Апреля} 2000},
  author = {Генельт-Яновский, Евгений Александрович and Копештянски, Ульяна and Назарова, София Александровна and Тукачинская, Анна and Фомичев, Кирилл},
  date = {2001},
  pages = {61--63},
  langid = {russian}
}

@inproceedings{Genelt_Dalnezeleneckaya_2008,
  title = {Сообщества илисто-песчаной литорали губы {Дальне}-{Зеленецкая} ({Восточный} {Мурман}) в 2002-2007 гг},
  booktitle = {Материалы {X} научного семинара "{Чтения} памяти {К}.{М}. {Дерюгина}"},
  author = {Генельт-Яновский, Евгений Александрович and Назарова, София Александровна},
  date = {2008},
  pages = {16 -- 28},
  langid = {russian}
}

@inproceedings{Genelt_Nazarova_2007,
  title = {Фаунистические комплексы, ассоциированные с поселениями инфаунных двустворчатых моллюсков на литорали {Мурманского} побережья {Баренцева} моря},
  booktitle = {Материалы {VI} всероссийской школы по морской биологии "{Биоразнообразие} сообществ морских и пресноводных экосистем {России}" ({Мурманск}, 1-2 ноября 2007 года).},
  author = {Генельт-Яновский, Евгений Александрович and Назарова, София Александровна},
  date = {2007},
  pages = {45 -- 46},
  langid = {russian}
}

@inproceedings{Genelt_et_al_2006,
  title = {Виды-трупоеды в сообществах верхней сублиторали {Кандалакшского} залива {Белого} моря},
  booktitle = {Материалы {X} научной конференции {ББС} им. {Перцова} 9-10 августа 2006 года},
  author = {Генельт-Яновский, Евгений Александрович and Назарова, София Александровна and Волков, Кирилл and Полоскин, Алексей Валерьевич},
  date = {2006},
  pages = {31--34},
  langid = {russian}
}

@inproceedings{Genelt_et_al_2008,
  title = {Закономерности в распределении некоторых видов макробентоса литорали {Мурманского} побережья {Баренцева} моря: агрегации или градиенты?},
  booktitle = {Тезисы докладов {IX} научной сессии {Морской} биологической станции {СПбГУ} (8 февраля 2008 г.).},
  author = {Генельт-Яновский, Евгений Александрович and Назарова, София Александровна and Кобылков, Дмитрий С.},
  date = {2008},
  pages = {45 -- 46},
  langid = {russian}
}

@article{Golcev_et_al_1997,
  title = {К вопросу об избирательности питания речной камбалы {Pleuronectes} flessus на литорали {Кандалакшского} залива {Белого} моря},
  volume = {1},
  journaltitle = {Аничковский вестник},
  shortjournal = {Аничковский {Вестник}},
  author = {Гольцев, Н.\:А. and Полозов, Ю.\:С. and Полоскин, Алексей Валерьевич},
  date = {1997},
  pages = {9 -- 22},
  langid = {russian}
}

@inproceedings{Gurevich_Yakovleva_1976,
  location = {Апатиты},
  title = {К изучению геохимических параметров биогеоценозов илисто-песчаной литорали {Дальнего} пляжа},
  booktitle = {Экологические исследования песчаной литорали},
  author = {Гуревич, В.И. and Яковлева, Т.В.},
  date = {1976},
  pages = {40 -- 54},
  langid = {russian}
}

@article{Guryanova_et_al_1930,
  title = {Литораль {Западного} {Мурмана}},
  volume = {11},
  journaltitle = {Исслед. морей {СССР}},
  shortjournal = {Исслед {Морей} {СССР}},
  author = {Гурьянова, Е.\:Ф. and Закс, И.\:Г. and Ушаков, П.\:В.},
  date = {1930},
  pages = {47--162},
  langid = {russian}
}

@article{Guryanova_Ushakov_1929,
  title = {Литораль {Восточного} {Мурмана}},
  volume = {10},
  journaltitle = {Исслед. морей {СССР}},
  shortjournal = {Исслед {Морей} {СССР}},
  author = {Гурьянова, Е.\:Ф. and Ушаков, П.\:В.},
  date = {1929},
  pages = {5--40},
  langid = {russian}
}

@article{Derugin_1915,
  title = {Фауна {Кольского} залива и условия ее существования},
  volume = {8},
  journaltitle = {Зап. {Имп}. {Акад}. наук. {Сер}},
  shortjournal = {Зап {Имп} {Акад} {Наук} {Сер}},
  author = {Дерюгин, КМ},
  date = {1915},
  pages = {1--929},
  langid = {russian}
}

@inproceedings{Zhukov_1984,
  location = {Апатиты},
  title = {Материалы по экологии {Arenicola} marina {L}. на литорали {Дальнего} пляжа},
  booktitle = {Бентос {Баренцева} моря. {Распределение}, экология и структура популяций},
  publisher = {изд-во {КФ} {АН} {СССР}},
  author = {Жуков, Е.И.},
  date = {1984},
  pages = {87 -- 92},
  langid = {russian}
}

@inbook{Zacepin_Filatova_1968,
  title = {Жизнь животных},
  publisher = {М.},
  author = {Зацепин, В.\:И. and Филатова, З.\:А.},
  date = {1968},
  pages = {95 -- 155},
  langid = {russian},
  keywords = {Bivalvia,general zoology}
}

@book{Zenkevich_1963,
  title = {Биология морей {СССР}.},
  publisher = {Изд-во {Академии} наук {СССР}},
  author = {Зенкевич, Лев Александрович},
  date = {1963},
  langid = {russian}
}

@article{Zubaha_et_al_2000,
  title = {Особенности размножения и пополнения поселений {Macoma} balthica {L}. в {Белом} море},
  volume = {2},
  number = {11},
  journaltitle = {Вестник {СПбГУ}. {Серия} 3. {Биология}},
  shortjournal = {Вестник {СПбГУ} {Серия} 3 {Биология}},
  author = {Зубаха, М. А. and Полоскин, А. В. and Гольцев, Н. А.},
  date = {2000},
  pages = {108 -- 115},
  langid = {russian},
  keywords = {Белое море,губа Чупа,литораль intertidal zone,личинки,пополнение поселений recruitment,пост-ларвальные ракушки,структура популяции population structure,температура воды water temperature,численность,Bivalvia,Macoma,Macoma balthica,Mollusca}
}

@inproceedings{Kuderskiy_1968,
  location = {Петрозаводск},
  title = {Экология десятиногих раков {Онежского} залива {Белого} моря},
  volume = {т. {V}, вып. 2},
  booktitle = {Труды {Карельского} отделения {Гос} {НИОРХ}},
  publisher = {Карельское книжное издательство},
  author = {Кудерский, Л. А.},
  date = {1968},
  pages = {145 -- 149},
  langid = {russian},
  note = {ЗИН: П 722},
  keywords = {Белое море,Онежский залив,Crangon allmani,Crangon crangon,Decapoda,Eualus gaimardi,Hetairus polaris,Hyas araneus,Pagurus pubescens,Pandalus annulicornis,Sadinea septemcarinata,Sclerocrangon boreas,Spirontocaris spinus,Spirontocaris turgida}
}

@inproceedings{Kuznecov_1963,
  title = {Время и температурные условия размножения морских беспозвоночных},
  volume = {2},
  booktitle = {Материалы по комплексному изучению {Белого} моря},
  publisher = {Издательство {АН} {СССР}},
  author = {Кузнецов, В. В.},
  date = {1963},
  pages = {32 -- 52},
  langid = {russian},
  note = {ЗИН: I 2320},
  keywords = {Баренцево море Barents Sea,Белое море,размножение,свет,температура}
}

@book{Kuznecov_1960,
  location = {М. - {Л}.},
  title = {Белое море и биологические особенности его флоры и фауны},
  pagetotal = {322},
  publisher = {издательство {АН} {СССР}},
  author = {Кузнецов, В. В.},
  date = {1960},
  langid = {russian},
  note = {ЗИН: I 15836},
  keywords = {Белое,море,sea,White}
}

@inproceedings{Kuznecov_1954,
  title = {Влияние условий первого года жизни на формирование биологических свойств взрослых особей},
  booktitle = {Третья экологическая конференция},
  series = {2},
  publisher = {Издательство {Киевского} государственного университета им. {Т}.{Г}. {Шевченко}},
  author = {Кузнецов, В. В.},
  date = {1954},
  pages = {81 -- 84},
  langid = {russian},
  note = {ЗИН: И.4654},
  keywords = {Баренцево море Barents Sea,Белое море White Sea,развитие development,рост growth}
}

@inproceedings{Kuznecov_1949,
  location = {Петрозаводск},
  title = {Влияние зимнего ледяного припая на морфологию побержья, фауну и флору литорали {Белого} моря},
  volume = {1},
  booktitle = {Работы {Морской} биологической станции {Карело}-{Финского} государственного университета (с. {Гридино} на {Белом} море)},
  publisher = {Государственное издательство {Карело}-{Финской} {ССР}},
  author = {Кузнецов, В. В.},
  date = {1949},
  pages = {44 -- 57},
  langid = {russian},
  note = {ЗИН: П 1342},
  keywords = {Баренцево море Barents Sea,Белое море White Sea,зима winter,литораль intertidal zone}
}

@inproceedings{Kuznecova_et_al_2007,
  title = {Зоопланктон озера {Горелое} ({Керетский} архипелаг {Белого} моря)},
  booktitle = {Тезисы докладов {VIII} научной сессии {Морской} биологической станции {СПбГУ} (8 февраля 2007 г.)},
  author = {Кузнецова, Екатерина Константинован and Назарова, София Александровна and Сухих, Наталья Михайловна and Полякова, Наталья Владимировна},
  date = {2007},
  pages = {25--27},
  langid = {russian}
}

@thesis{Maximovich_2004,
  title = {О закономерностях организации популяций морских двустворчатых моллюсков},
  abstract = {Общая характеристика работы Актуальность исследования. Двустворчатые моллюски (Bivalvia) широко распространены в Мировом океане. В верхних отделах бентали материковой отмели их массовые формы определяют условия биоседиментации и биологического самоочищения вод, кормовую базу рыб и, в целом, промысловую значимость акваторий. Немалая часть количественных гидробиологических исследований в 20-м веке была выполнена на примере естественных и искусственных популяций Bivalvia. Однако ни широта фронта таких исследований, ни глубина изученности отдельных массовых и промысловых таксонов не привели к созданию целостных представлений о механизмах пространственно-временной организации их популяций. Проблема здесь не только в неоднозначности представлений о видовой популяции как о биологическом феномене и субъекте непосредственных практических экологических исследований (Алтухов, 1997), но и в том, что изучение отдельных сторон популяционной экологии моллюсков производится на методически очень разной базе и, следовательно, разными учеными. Синтетический подход к анализу экологических свойств двустворчатых моллюсков, достигнутый в ряде последних специальных монографий (см., например, Касьянов, 1989), недостаточен для построения модели жизненного цикла морских двустворчатых моллюсков в рамках конкретной популяции, как элемента макроструктуры вида - самоорганизующейся и самовоспроизводящейся системы. Именно такая биосистема в диссертации обозначена как популяция, и анализ ее свойств составляет главный предмет всего исследования. Видовые агрегации особей в типичных местообитаниях – объекты прямого изучения, определены как поселения. Цель и задачи исследования. Основная идея работы - реализация комплексного подхода в количественной оценке закономерностей воспроизводства популяций морских двустворчатых моллюсков, а ее цель можно определить как изучение механизмов гомеостаза популяций двустворчатых моллюсков. Как приоритетные направления работы следует выделить изучение: 1. Пространственно-временной неоднородности поселений двустворчатых моллюсков по показателям обилия, возрастной структуры, скорости роста и смертности особей в генерациях - как основы для создания представлений о механизмах организации субпопуляционных биосистем; 2. Параметров репродуктивного цикла массовых видов моллюсков в типичных поселениях - как основы для описания популяционных эффектов их нерестовой активности; 3. Структуры и динамики скоплений личинок моллюсков - как основы для анализа закономерностей пополнения поселений молодью; 4. Структуры ресурсов бентосных и пелагических гемипопуляций двустворчатых моллюсков губы Чупа (Белое море) - как основы для создания модельных представлений о количественных закономерностях воспроизводства их популяций. Таким, образом, основные элементы актуальности темы диссертации связаны с разработкой вопросов методологии изучения биоразнообразия в морской биологии и соотношения случайности и закономерности в организации популяций морского бентоса. Новизна исследований. Новизна полученных результатов определена комплексностью подхода к изучению жизненных циклов массовых видов моллюсков и опорой на многолетние ряды наблюдений. Как основное ее достижение следует рассматривать вклад в решение фундаментальных вопросов экологии морских двустворчатых моллюсков. На основе результатов проведенных исследований, впервые: 1 - описана специфичность субпопуляционных групп бентоса и меропланктона как объектов прямых экологических исследований; 2 - создан метод статистического анализа различий поселений долгоживущих гидробионтов по характеру их роста; 3 - описаны основные механизмы организации поселений массовых видов морского бентоса; 4 - предложена система понятий для описания структуры видовых скоплений личинок моллюсков в акваториях; 5 - обоснованы различия в трактовках популяции - субвидового изолята) и поселения - субпопуляционной системы и объекта прямых исследований в экологии; 6 - предложена концепция репродуктивного цикла популяции для описания этапов воспроизводства популяций организмов морского бентоса, как самовоспроизводящихся систем; 7 - построены блок-схемы количественных закономерностей воспроизводства популяций Mytilus edulis L. и Mya arenaria L. в губе Чупа Белого моря. Положения, выносимые на защиту, можно сформулировать следующим образом. 1. Поселения (локальные популяции) организмов макробентоса относятся к специфичным водным биосистемам. Они не способны к самовоспроизводству и отличаются крайне высокой неоднородностью и динамичностью показателей структуры. 2. Популяции (элементы макроструктуры вида) и поселения (элементы в организации популяции) различаются по свойствам как биосистемы, и методологически - как объекты исследования. 3. Популяции морских двустворчатых моллюсков с пелагической стадией в онтогенезе модельно можно дифференцировать не только по структуре бентосных гемипопуляций, но и по структуре планктонных гемипопуляций. 4. Предложена концепция репродуктивного цикла популяции, как основа для создания статистических моделей количественного воспроизводства популяций долгоживущих видов морских Bivalvia c пелагической стадией в онтогенезе.},
  type = {Автореферат диссертации на соискание ученой степени доктора биологических наук},
  institution = {Зоологический институт {Российской} {Академии} {Наук}},
  type = {Автореферат диссертации на соискание ученой степени доктора биологических наук},
  author = {Максимович, Н. В.},
  date = {2004},
  langid = {russian},
  keywords = {Белое море,литораль intertidal zone,пополнение поселений recruitment,распределение distribution,рост growth,Arctica islandica,Macoma balthica,Macoma calcarea,Musculus niger,Mya arenaria,Mytilus edulis,Serripes gr\"oenlandicus,Yoldia amygdalea hyperborea}
}

@article{Maximovich_1989,
  title = {Статистическое сравнение кривых роста},
  volume = {4},
  journaltitle = {Вестник {Ленинградского} университета},
  shortjournal = {Вестник {Ленинградского} {Университета}},
  author = {Максимович, Н.\:В.},
  date = {1989},
  pages = {18--25},
  langid = {russian}
}

@inproceedings{Maximovich_1985,
  location = {Л},
  title = {Особенности экологии и репродуктивный цикл {Macoma} balthica {L}. в губе {Чупа}},
  volume = {31 (39)},
  booktitle = {Биоценозы губы {Чупа} {Белого} моря и их сезонная динамика. {Исследования} фауны морей},
  author = {Максимович, Н.\:В.},
  date = {1985},
  pages = {230 -- 243},
  langid = {russian}
}

@inproceedings{Maximovich_Gerasimova_2004,
  title = {Долговременный мониторинг литоральных поселений двустворчатых моллюсков ({Mollsca}, {Bivalvia}) в губе {Чупа} ({Белое} море)},
  volume = {51},
  booktitle = {Морские и пресноводные биосистемы севера {Карелии}. {Труды} {БиНИИ}},
  publisher = {Издательство {СПбГУ}},
  author = {Максимович, Н. and Герасимова, А.},
  editor = {Раилкин, А.И.},
  date = {2004},
  pages = {95 -- 120},
  langid = {russian},
  keywords = {Белое море,динамика поселений,Чупа,Macoma balthica,Mya arenaria,Mytilus edulis},
  file = {Максимович_Герасимова_2004_Долговременный_мониторинг_литоральных_поселений.pdf:/home/sonya/Library/Articles/Максимович_Герасимова_2004_Долговременный_мониторинг_литоральных_поселений.pdf:application/pdf}
}

@article{Maximovich_et_al_1993,
  title = {Продукционные свойства поселений {Macoma} balthica {L}. в губе {Чупа} ({Белое} море). {II}. {Продукция}},
  volume = {1},
  number = {3},
  journaltitle = {Вестник {СПбГУ}},
  shortjournal = {Вестник {СПбГУ}},
  author = {Максимович, Н.\:В. and Герасимова, А.:\В. and Кунина, Т.\:А.},
  date = {1993},
  pages = {3 -- 10},
  langid = {russian},
  keywords = {Белое море,продукция production,Bivalvia,Macoma,Macoma balthica}
}

@article{Maximovich_et_al_1991,
  title = {Динамика структурных характеристик литоральных поселений {Macoma} balthica {L}. в губе {Чупа} ({Белое} море)},
  volume = {вып. 2, № 10},
  journaltitle = {Вестник {ЛГУ}},
  shortjournal = {Вестник {ЛГУ}},
  author = {Максимович, Н.\:В. and Герасимова, А.:\В. and Кунина, Т.\:А.},
  date = {1991},
  pages = {23--31},
  langid = {russian},
  keywords = {Белое море,биомасса,губа Чупа,динамика,размерная структура,численность,Macoma,Macoma balthica}
}

@inbook{Maximovich_Kunina_1982,
  location = {Владивосток},
  title = {Биология шельфовых зон мирового океана, тезисы докладов},
  number = {1},
  publisher = {Владивосток},
  author = {Максимович, Н.\:В. and Кунина, Т.\:А.},
  date = {1982},
  pages = {148 -- 150},
  langid = {russian}
}

@article{Matveeva_et_al_1955,
  title = {Причины и следствия неравномерности распределения червей {Fabricia} sabella {Ehr}. и {Arenicola} marina {L}. на литорали},
  volume = {105},
  number = {2},
  journaltitle = {Доклады {АН} {СССР}},
  shortjournal = {Доклады {АН} {СССР}},
  author = {Матвеева, Т.А. and Никитина, Н.С. and Е.Н, Черновская},
  date = {1955},
  langid = {russian}
}

@inproceedings{Menshutkina_Chaban_1985,
  title = {Сезонная динамика численности популяций ({Macrura}) в {Белом} море},
  volume = {31 (39)},
  abstract = {Изучались экология и распределение 10 видов креветок, обитающих в Кандалакшском и Онежском заливах Белого моря. Анализ структуры Eualus gaimardi в Кандалакшском заливе показал размерно-возрастную дифференциацию поселений этого вида по глубинам и связанным с ними физико-химических факторов. На мелководьях до глубины 2-3 м обитают молодые креветки (длина тела 25.5+-1.8 мм), а на глубинах 40-55 м - половозрелые (длина тела 42 +- 3.8 мм). Четкая приуроченность бореальных видов к верхним отделам шельфа с высокими летними температурами и пониженной соленостью, а бореально-арктических и высокобореально-арктических - к значительным глубинам с меньшими температурами и относительно высокой соленостью. Это свидетельствует о решающей роли водных масс и их слоев в распределении креветок в Белом море},
  booktitle = {Биоценозы губы {Чупа} {Белого} моря и их сезонная динамика. {Исследования} фауны морей},
  author = {Меньшуткина, Т. В. and Чабан, Е. М.},
  date = {1985},
  langid = {russian},
  keywords = {Белое море,Crangon allmani,Crangon crangon,Eualus gaimardi,Lebbeus polaris,Macrura,Pandalus annulicornis,Pandalus borealis,Sabinea septemcarinata,Sclerocrangon boreas,Spirontocaris phippsii,Spirontocaris spinus}
}

@article{Nazarova_2005,
  title = {Встреча мандаринки {Aix} galericulata на реке {Сестре} в {Сестрорецке}},
  volume = {14},
  number = {300},
  journaltitle = {Русский орнитологический журнал. {Экспресс}-выпуск.},
  shortjournal = {Русский {Орнитологический} {Журнал} {Экспресс}-{Выпуск}},
  author = {Назарова, София Александровна},
  date = {2005},
  pages = {902--903},
  langid = {russian}
}

@article{Nazarova_2003,
  title = {Анализ многолетней динамики структуры поселений {Macoma} balthica ({L}., 1758) в районе {Лувеньгских} шхер ({Кандалакшский} залив {Белого} моря)},
  volume = {34},
  journaltitle = {Аничковский {Вестник}. {Материалы} {XIII} открытой научно-практической конференции {Аничкова} лицея. {Математическая} физика, биология, психология},
  shortjournal = {Аничковский {Вестник} {Материалы} {XIII} {Открытой} {Научно}-{Практической} {Конференции} {Аничкова} {Лицея} {Математическая} {Физика} {Биология} {Психология}},
  author = {Назарова, София Александровна},
  date = {2003},
  pages = {55--61},
  langid = {russian}
}

@inproceedings{Nazarova_Genelt_2008,
  title = {Структурно-функциональные характеристики поселений {Macoma} balthica {L}. в осушной зоне {Мурманского} побережья {Баренцева} моря},
  booktitle = {Материалы научной конференции, посвященной 70-летию {ББС} им. {Перцова} 9-10 августа 2008 года},
  author = {Назарова, София Александровна and Генельт-Яновский, Евгений Александрович},
  date = {2008},
  pages = {81 -- 85},
  langid = {russian}
}

@article{Nazarova_et_al_2010,
  title = {Линейный рост {Macoma} balthica в осушной зоне {Мурманского} побережья {Баренцева} моря},
  volume = {4},
  journaltitle = {Вестник {Санкт}-{Петербургского} государственного университета. {Серия} 3. {Биология}.},
  shortjournal = {Вестник {Санкт}-{Петербургского} {Государственного} {Университета} {Серия} 3 {Биология}},
  author = {Назарова, София Александровна and Генельт-Яновский, Евгений Александрович and Максимович, Николай Владимирович},
  date = {2010},
  pages = {35 -- 43},
  langid = {russian},
  keywords = {мои статьи my articles,my publications}
}

@inproceedings{Nazarova_et_al_2010_mbs,
  title = {Линейный рост {Macoma} balthica на {Мурмане}: географическая или биотопическая неоднородность?},
  booktitle = {{XI} научная сессия {МБС} {СПбГУ}. {Тезисы} докладов},
  author = {Назарова, София Александровна and Максимович, Николай Владимирович and Генельт-Яновский, Евгений Александрович},
  date = {2010},
  langid = {russian},
  keywords = {Белое море White Sea,рост growth,Macoma balthica,my publications}
}

@inproceedings{Nazarova_Poloskin_2005,
  title = {О флуктуациях численности {Macoma} balthica {L}. {В} популяциях кутовой части {Кандалакшского} залива ({Белое} море)},
  booktitle = {Тезисы докладов {VI} научной сессии {Морской} биологической станции {СПбГУ} (8 февраля 2005 г.)},
  author = {Назарова, София Александровна and Полоскин, Алексей Валерьевич},
  date = {2005},
  pages = {51--52},
  langid = {russian},
  keywords = {my,publications}
}

@book{Naumov_Fedyakov_1993,
  title = {Вечно живое {Белое} море},
  publisher = {Изд-во {Санкт}-{Петербургского} гор. дворца творчества юных},
  author = {Наумов, Андрей Донатович and Федяков, Вячеслав Викторович},
  date = {1993},
  langid = {russian}
}

@report{Nikolaeva_1998,
  title = {Структура поселения двустворчатого моллюска {Macoma} balthica ({L}.) на литорали и в сублиторали {Илистой} губы острова {Горелого} ({Лувеньгский} архипелаг, {Кандалакшский} залив, {Белое} море).},
  institution = {Лаборатория экологии морского бентоса (гидробиологии) {СПбГДТЮ}},
  author = {Николаева, Д.},
  date = {1998},
  langid = {russian}
}

@report{Nikolaeva_1997,
  title = {Некоторые закономерности микрораспределения двустворчатого моллюска {Macoma} balthica ({L}.) на литорали {Белого} моря},
  institution = {Лаборатория экологии морского бентоса (гидробиологии) {СПбГДТЮ}},
  author = {Николаева, Д.},
  date = {1997},
  langid = {russian}
}

@inproceedings{Pavlova_1976,
  location = {Апатиты},
  title = {Физико-химические параметры и их динамика в осадках литоральной отмели},
  booktitle = {Экологические исследования песчаной литорали},
  author = {Павлова, Л.Г.},
  date = {1976},
  pages = {30 -- 39},
  langid = {russian}
}

@article{Palenchenko_1940,
  title = {Экологическое распределение десятиногих раков в {Белом} море},
  volume = {{XIX}},
  issue = {вып. 2},
  journaltitle = {Зоологический журнал},
  shortjournal = {Зоологический {Журнал}},
  author = {Паленченко, З. Г.},
  date = {1940},
  langid = {russian}
}

@inproceedings{Percov_1963,
  location = {Воронеж},
  title = {Некоторые данные о питании птиц, населяющих острова {Северного} архипелага {Кандалакшского} заповедника},
  volume = {2},
  booktitle = {Труды {ББС} {МГУ} – {Труды} {Кандалакшского} государственного заповедника},
  publisher = {{ББС} {МГУ}, {КГЗ}},
  author = {Перцов, Н.\:А.},
  date = {1963},
  pages = {29 -- 34},
  langid = {russian}
}

@thesis{Poloskin_1996,
  title = {Макробентос литорали {Лувеньгских} шхер {Кандалакшского} залива {Белого} моря и некоторые аспекты его динамики},
  institution = {{ЛГУ}},
  type = {phdthesis},
  author = {Полоскин, Алексей Валерьевич},
  date = {1996},
  langid = {russian}
}

@article{Prigorovskiy_1948,
  title = {Фауна мягких грунтов литорали губы {Дальне}-{Зеленецкой}},
  volume = {1},
  journaltitle = {Труды {Мурманской} биологической станции {АН} {СССР}},
  shortjournal = {Труды {Мурманской} {Биологической} {Станции} {АН} {СССР}},
  author = {Пригоровский, БГ},
  date = {1948},
  pages = {146--154},
  langid = {russian}
}

@book{Propp_1971,
  location = {Л.},
  title = {Экология прибрежных донных сообществ {Мурманского} побережья {Баренцева} моря. {По} материалам водолазных гидробиологических работ},
  pagetotal = {128},
  publisher = {Наука},
  author = {Пропп, М.В.},
  date = {1971},
  langid = {russian}
}

@inproceedings{Rusanova_1968,
  location = {Петрозаводск},
  title = {Изменчивость основных биологический свойств у массовых видов десятиногих раков в различных заливах {Белого} моря},
  volume = {т. {V}, вып. 2},
  booktitle = {Труды {Карельского} отделения {ГосНИОРХ}},
  publisher = {Карельское книжное издательство},
  author = {Русанова, М. Н.},
  date = {1968},
  pages = {124 -- 128},
  langid = {russian},
  note = {ЗИН: П 722},
  keywords = {Белое море,Decapoda,Eualis gaimardi,Hetarius polaris,Pandalus annulicornis,Sabinea septemcarinata,Sclerocrangon boreas,Spirontocaris spinus}
}

@inproceedings{Semenova_1980,
  title = {Особенности размножения беломорской {Macoma} balthica ({L}.)({Mollusca}, {Lamellibranchiata}), позволяющие ей жить в сезонном биотопе},
  volume = {5},
  booktitle = {Биология {Белого} моря. {Труды} {ББС} {МГУ}},
  publisher = {Издательство {МГУ}},
  author = {Семенова, Н.},
  date = {1980},
  pages = {115--123},
  langid = {russian},
  keywords = {Белое море,гонады,размножение,соотношение полов,Macoma balthica}
}

@inproceedings{Semenova_1974,
  title = {Распределение двустворчатого моллюска {Macoma} balthica ({L}.) в некоторых губах {Кандалакшского} залива {Белого} моря},
  booktitle = {Труды {ББС} {МГУ}},
  author = {Семенова, Н.\:Л.},
  date = {1974},
  pages = {87--102},
  langid = {russian},
  keywords = {Белое море,численность,Macoma,Macoma balthica}
}

@inproceedings{Semenova_1970,
  title = {Линейный рост {Macoma} balthica ({L}.) в {Кандалакшском} заливе {Белого} моря},
  author = {Семенова, Н.\:Л.},
  date = {1970},
  langid = {russian}
}

@article{Streltsov_Agarova_1978,
  title = {Потоки биогенных веществ в зоне развития литоральных донных сообществ с преобладанием детритофагов ({Баренцево} море)},
  volume = {18},
  number = {5},
  journaltitle = {Океанология},
  shortjournal = {Океанология},
  author = {Стрельцов, В. and Агарова, И.},
  date = {1978},
  pages = {918 -- 925},
  langid = {russian}
}

@inproceedings{Streltsov_et_al_1974,
  location = {Апатиты},
  title = {Зообентос и оценка органического вещества в морских донных осадках песчаной литорали {Дальнего} {Пляжа} ({Баренцево} море)},
  booktitle = {Донные отложения и биогеоценозы {Баренцева} и {Белого} морей.},
  author = {Стрельцов, В.\:Е. and Агарова, И.\:Я. and Петухов, В.\:Л.},
  date = {1974},
  pages = {129--141},
  langid = {russian}
}

@article{Filatova_1957,
  title = {General review of the bivalve mollusks of the northern seas of {USSR}},
  volume = {20},
  journaltitle = {Trudy {Inst}. {Okeanol}},
  shortjournal = {Tr. {Inst} {Okeanol}},
  author = {Filatova, Zina A.},
  date = {1957},
  langid = {english}
}

@article{Bertalanffy_1938,
  title = {A quantitative theory of organic growth (inquiries on growth laws. {II})},
  volume = {10},
  number = {2},
  journaltitle = {Human biology},
  shortjournal = {Hum. {Biol}.},
  author = {von Bertalanffy, Ludwig},
  date = {1938},
  pages = {181--213},
  langid = {english}
}

@article{Newell_Bayne_1980,
  title = {Seasonal changes in the physiology, reproductive condition and carbohydrate content of the cockle {Cardium} (= {Cerastoderma}) edule ({Bivalvia}: {Cardiidae})},
  volume = {56},
  shorttitle = {Seasonal changes in the physiology, reproductive condition and carbohydrate content of the cockle {Cardium} (= {Cerastoderma}) edule ({Bivalvia}},
  number = {1},
  journaltitle = {Marine {Biology}},
  shortjournal = {Mar. {Biol}.},
  author = {Newell, R. I. E. and Bayne, B. L.},
  date = {1980},
  pages = {11--19},
  langid = {english}
}

@article{Maximovich_1989,
  title = {Statistical comparison of growth curves},
  volume = {3},
  number = {4},
  journaltitle = {Vestnik of {Leningrad} {University}},
  shortjournal = {Vestn. {Leningr}. {Univ}.},
  author = {Maximovich, N. V.},
  date = {1989},
  pages = {18--25},
  langid = {english},
  keywords = {переводы ссылок}
}

@inproceedings{Jensen_1987,
  title = {The importance of an artificial salt water lagoon in the {Danish} {Wadden} {Sea} to marine animals and waterfowls},
  booktitle = {Proceedings of the {Fifth} {International} {Wadden} {Sea} {Symposium}},
  author = {Jensen, K. T.},
  date = {1987},
  pages = {37--67},
  langid = {english}
}

@article{Strasser_et_al_2003,
  title = {How predictable is high bivalve recruitment in the {Wadden} {Sea} after a severe winter?},
  volume = {49},
  number = {1},
  journaltitle = {Journal of {Sea} {Research}},
  shortjournal = {J. {Sea} {Res}.},
  author = {Strasser, Matthias and Dekker, Rob and Essink, Karel and Günther, Carmen-Pia and Jaklin, Sandra and Kr\"oncke, Ingrid and Madsen, Poul Brinch and Michaelis, Hermann and Vedel, Grace},
  date = {2003},
  pages = {47--57},
  langid = {english}
}

@article{Guillou_Tartu_1994,
  title = {Post-larval and juvenile mortality in a population of the edible cockle\ensuremath{<} i\ensuremath{>} cerastoderma edule({L}.) from northern {Brittany}},
  volume = {33},
  number = {1},
  journaltitle = {Netherlands journal of sea research},
  shortjournal = {Neth. {J}. {Sea} {Res}.},
  author = {Guillou, J. and Tartu, C.},
  date = {1994},
  pages = {103--111},
  langid = {english}
}

@article{Allen_1976,
  title = {Method for comparing fish growth curves},
  volume = {10},
  number = {4},
  journaltitle = {New {Zealand} journal of marine and freshwater research},
  shortjournal = {N. {Z}. {J}. {Mar}. {Freshw}. {Res}.},
  author = {Allen, Richard Lee},
  date = {1976},
  pages = {687--692},
  langid = {english},
  file = {Allen_1976_Method_for_comparing_fish_growth_curves.pdf:/home/sonya/Library/Articles/Allen_1976_Method_for_comparing_fish_growth_curves.pdf:application/pdf}
}

@article{Rueda_et_al_2005,
  title = {A growth model of the cockle (\ensuremath{<} i\ensuremath{>} {Cerastoderma} edule {L}.) tested in the {Oosterschelde} estuary ({The} {Netherlands})},
  volume = {54},
  number = {4},
  journaltitle = {Journal of {Sea} {Research}},
  shortjournal = {J. {Sea} {Res}.},
  author = {Rueda, Jose L. and Smaal, Aad C. and Scholten, Huub},
  date = {2005},
  pages = {276--298},
  langid = {english},
  file = {Rueda_et_al_2005_A_growth_model_of_the_cockle_(_i_Cerastoderma.pdf:/home/sonya/Library/Articles/Rueda_et_al_2005_A_growth_model_of_the_cockle_(_i_Cerastoderma.pdf:application/pdf}
}

@article{Richardson_et_al_1980,
  title = {An endogenous rhythm in shell deposition in {Cerastoderma} edule},
  volume = {60},
  number = {04},
  journaltitle = {Journal of the {Marine} {Biological} {Association} of the {United} {Kingdom}},
  shortjournal = {J. {Mar}. {Biol}. {Assoc}. {U}. {K}.},
  author = {Richardson, C. A. and Crisp, D. J. and Runham, N. W.},
  date = {1980},
  pages = {991--1004},
  langid = {english}
}

@inproceedings{Bachelet_et_al_1992,
  title = {Role de la competition intraspecifique dans la regulation du recrutement chez la coque, {Cerastoderma} edule ({L}.)},
  volume = {68},
  booktitle = {Annales de l'{Institut} océanographique},
  publisher = {Institut océanographique},
  author = {Bachelet, G. and Desprez, M. and Ducrotoy, J.-P. and Guillou, J. and Labourg, P.-J. and Rybarczyk, H. and Sauriau, P.-G. and Elkaim, B. and Glemarec, M.},
  date = {1992},
  pages = {75--87},
  langid = {english}
}

@article{Richardson_et_al_1979,
  title = {{TIDALLY} {DEPOSITED} {GROWTH} {BANDS} {IN} {THE} {SHELL} {OF} {THE} {COMMON} {COCKLE}, {CERASTODERMA}-{EDULE} ({L})},
  volume = {18},
  number = {1-2},
  journaltitle = {Malacologia},
  shortjournal = {Malacologia},
  author = {Richardson, Christopher A. and Crisp, D. J. and Runham, N. W.},
  date = {1979},
  pages = {277--290},
  langid = {english}
}

@article{Lewis_1986,
  title = {Latitudinal trends in reproduction, recruitment and population characteristics of some rocky littoral molluscs and cirripedes},
  volume = {142},
  number = {1},
  journaltitle = {Hydrobiologia},
  shortjournal = {Hydrobiologia},
  author = {Lewis, J. R.},
  date = {1986},
  pages = {1--13},
  langid = {english},
  file = {Lewis_1986_Latitudinal_trends_in_reproduction,_recruitment.pdf:/home/sonya/Library/Articles/Lewis_1986_Latitudinal_trends_in_reproduction,_recruitment.pdf:application/pdf}
}

@article{Demontaudouin_Bachelet_1996,
  title = {Experimental evidence of complex interactions between biotic and abiotic factors in the dynamics of an intertidal population of the bivalve {Cerastoderma} edule},
  volume = {19},
  number = {3-4},
  journaltitle = {Oceanologica {Acta}},
  shortjournal = {Oceanol. {Acta}},
  author = {Demontaudouin, Xavier and Bachelet, Guy},
  date = {1996},
  pages = {449--463},
  langid = {english},
  file = {Demontaudouin_Bachelet_1996_Experimental_evidence_of_complex_interactions.pdf:/home/sonya/Library/Articles/Demontaudouin_Bachelet_1996_Experimental_evidence_of_complex_interactions.pdf:application/pdf}
}

@article{Wilson_1990,
  title = {Competition and predation in marine soft-sediment communities},
  journaltitle = {Annual {Review} of {Ecology} and {Systematics}},
  shortjournal = {Annu. {Rev}. {Ecol}. {Syst}.},
  author = {Wilson, W. Herbert},
  date = {1990},
  pages = {221--241},
  langid = {english}
}

@mvbook{Reise_1985,
  title = {Tidal flat ecology},
  volume = {1},
  publisher = {Springer},
  author = {Reise, Karsten},
  date = {1985},
  langid = {english}
}

@book{Zenkevich_1963,
  title = {Biology of the {Seas} of the {USSR} {Moscow}. {Translated} from {Russian} to {English} by {S}. {Botsharskaya}},
  publisher = {Interscience {Publishers}, {New} {York}},
  author = {Zenkevich, L. A.},
  date = {1963},
  langid = {english}
}

@article{Navarro_et_al_1994,
  title = {The basis for a functional response to variable food quantity and quality in cockles {Cerastoderma} edule ({Bivalvia}, {Cardiidae})},
  journaltitle = {Physiological zoology},
  shortjournal = {Physiol. {Zool}.},
  author = {Navarro, E. and Iglesias, J. I. P. and Ortega, M. M. and Larretxea, X.},
  date = {1994},
  pages = {468--496},
  langid = {english}
}

@article{Guo_et_al_2005,
  title = {Spatial-temporal population dynamics across species range: from centre to margin},
  volume = {108},
  shorttitle = {Spatial-temporal population dynamics across species range},
  number = {1},
  journaltitle = {Oikos},
  shortjournal = {Oikos},
  author = {Guo, Qinfeng and Taper, Mark and Schoenberger, Michele and Brandle, J.},
  date = {2005},
  pages = {47--57},
  langid = {english},
  file = {Guo_et_al_2005_Spatial-temporal_population_dynamics_across.pdf:/home/sonya/Library/Articles/Guo_et_al_2005_Spatial-temporal_population_dynamics_across.pdf:application/pdf}
}

@article{Navarro_Widdows_1997,
  title = {Feeding physiology of {Cerastoderma} edule in response to a wide range of seston concentrations},
  volume = {44},
  number = {11},
  journaltitle = {Oceanographic {Literature} {Review}},
  shortjournal = {Oceanogr. {Lit}. {Rev}.},
  author = {Navarro, J. M. and Widdows, J.},
  date = {1997},
  pages = {1319--1320},
  langid = {english}
}

@article{Warwick_Price_1975,
  title = {Macrofauna production in an estuarine mud-flat},
  volume = {55},
  number = {01},
  journaltitle = {Journal of the {Marine} {Biological} {Association} of the {United} {Kingdom}},
  shortjournal = {J. {Mar}. {Biol}. {Assoc}. {U}. {K}.},
  author = {Warwick, R. M. and Price, R.},
  date = {1975},
  pages = {1--18},
  langid = {english}
}

@article{Bachelet_et_al_1992a,
  title = {Adult-larval and juvenile interactions in the suspension-feeding bivalve, {Cerastoderma} edule ({L}.): field observations and experiments},
  shorttitle = {Adult-larval and juvenile interactions in the suspension-feeding bivalve, {Cerastoderma} edule ({L}.)},
  journaltitle = {Marine eutrophication and population dynamics. {Olsen} \& {Olsen}, {Fredensborg}},
  shortjournal = {Mar. {Eutrophication} {Popul}. {Dyn}. {Olsen} {Olsen} {Fredensborg}},
  author = {Bachelet, G. and Guillou, J. and Labourg, P. J.},
  date = {1992},
  pages = {175--182},
  langid = {english}
}

@article{Khaitov_et_al_2007,
  title = {{роЛь} {МидиеВых} {друЗ} {В} {СТруКТурироВании} {СообщеСТВ} {иЛиСТо}-{ПеСчаных} {ПЛяжей}. {II}. {ФорМироВание} {СообщеСТВа} {В} {эКСПериМенТе}},
  number = {4},
  journaltitle = {Вестник {Санкт}-{Петербургского} университета. {Серия} 3: {Биология}},
  shortjournal = {Вестник {Санкт}-{Петербургского} {Университета} {Серия} 3 {Биология}},
  author = {Хайтов, В. М. and Артемьева, А. В. and Горных, А. Е. and Жижина, О. Г. and Яковис, Е. Л.},
  date = {2007},
  pages = {13--26},
  langid = {russian},
  file = {Хайтов_et_al_2007_роЛь_МидиеВых_друЗ_В_СТруКТурироВании_СообщеСТВ.pdf:/home/sonya/Library/Articles/Хайтов_et_al_2007_роЛь_МидиеВых_друЗ_В_СТруКТурироВании_СообщеСТВ.pdf:application/pdf}
}

@article{Romano_et_al_2011,
  title = {Effect of the presence of the shore crab, {Carcinus} maenas, on burrowing behaviour and clearance rate of the common cockle, {Cerastoderma} edule},
  volume = {158},
  number = {12},
  journaltitle = {Marine biology},
  shortjournal = {Mar. {Biol}.},
  author = {Romano, Chiara and Sarà, G. and Salvo, G. and Bishop, J. and Mazzola, A. and Widdows, J.},
  date = {2011},
  pages = {2685--2694},
  langid = {english}
}

@article{SanchezSalazar_et_al_1987,
  title = {The effect of size and temperature on the predation of cockles\ensuremath{<} i\ensuremath{>} {Cerastoderma} edule({L}.) by the shore crab\ensuremath{<} i\ensuremath{>} {Carcinus} maenas({L}.)},
  volume = {111},
  number = {2},
  journaltitle = {Journal of {Experimental} {Marine} {Biology} and {Ecology}},
  shortjournal = {J. {Exp}. {Mar}. {Biol}. {Ecol}.},
  author = {Sanchez-Salazar, M. E. and Griffiths, C. L. and Seed, R.},
  date = {1987},
  pages = {181--193},
  langid = {english}
}

@article{Ferns_et_al_2000,
  title = {Effects of mechanical cockle harvesting on intertidal communities},
  volume = {37},
  number = {3},
  journaltitle = {Journal of {Applied} {Ecology}},
  shortjournal = {J. {Appl}. {Ecol}.},
  author = {Ferns, P. N. and Rostron, D. M. and Siman, H. Y.},
  date = {2000},
  pages = {464--474},
  langid = {english},
  file = {[HTML] с сайта wiley.com:/home/sonya/.mozilla/firefox/guyu6igw.default-1406452967294/zotero/storage/SNNP59FT/full.html:text/html}
}

@article{Jensen_et_al_1985,
  title = {The invertebrate fauna of a small fjord subject to wide ranges of salinity and oxygen content},
  volume = {70},
  number = {1},
  journaltitle = {Sarsia},
  shortjournal = {Sarsia},
  author = {Jensen, John W. and Nøst, Terje and Stokland, Øystein},
  date = {1985},
  pages = {33--43},
  langid = {english}
}

@article{Stephen_1931,
  title = {Notes on the biology of certain lamellibranchs on the {Scottish} coast},
  volume = {17},
  number = {02},
  journaltitle = {Journal of the {Marine} {Biological} {Association} of the {United} {Kingdom} ({New} {Series})},
  shortjournal = {J. {Mar}. {Biol}. {Assoc}. {U}. {K}. {New} {Ser}.},
  author = {Stephen, A. C.},
  date = {1931},
  pages = {277--300},
  langid = {english},
  file = {Stephen_1931_Notes_on_the_biology_of_certain_lamellibranchs_on.pdf:/home/sonya/Library/Articles/Stephen_1931_Notes_on_the_biology_of_certain_lamellibranchs_on.pdf:application/pdf}
}

@article{Beukema_1989,
  title = {Long-term changes in macrozoobenthic abundance on the tidal flats of the western part of the {Dutch} {Wadden} {Sea}},
  volume = {43},
  number = {3-4},
  journaltitle = {Helgol\"ander {Meeresuntersuchungen}},
  shortjournal = {Helgol\"ander {Meeresunters}.},
  author = {Beukema, J. J.},
  date = {1989},
  pages = {405--415},
  langid = {english}
}

@article{Sneli_1968,
  title = {The intertidal distribution of polychaetes and molluscs on a muddy shore in {Nord}-{M\"ore}, {Norway}},
  volume = {31},
  number = {1},
  journaltitle = {Sarsia},
  shortjournal = {Sarsia},
  author = {Sneli, Jon-Arne},
  date = {1968},
  pages = {63--68},
  langid = {english}
}

@article{Gusev_2010,
  title = {Влияние факторов среды на распределение {Macoma} balthica ({Linnaeus} 1758) и {Mytilus} edulis ({Linnaeus} 1758) в юго-восточной части {Балтийского} моря},
  abstract = {Представлены результаты изучения влияния факторов среды на распределение двух массовых видов двустворчатых моллюсков Macoma balthica и Mytilus edulis в юго-восточной части Балтийского моря. Распределение этих видов двустворчатых моллюсков определялось в первую очередь типом грунтов. Распространение моллюсков в глубоководных частях моря было ограничено дефицитом кислорода в придонном слое воды.},
  number = {7},
  journaltitle = {Вестник {Балтийского} федерального университета им. {И}. {Канта}},
  shortjournal = {Вестник {Балтийского} {Федерального} {Университета} {Им} {И} {Канта}},
  author = {Гусев, А. А.},
  date = {2010},
  langid = {russian},
  file = {[HTML] с сайта cyberleninka.ru:/home/sonya/.mozilla/firefox/guyu6igw.default-1406452967294/zotero/storage/9FH4DNGA/vliyanie-faktorov-sredy-na-raspredelenie-macoma-balthica-linnaeus-1758-i-mytilus-edulis-linnaeu.html:text/html}
}

@article{Oug_2001,
  title = {Polychaetes in intertidal rocky and sedimentary habitats in the region of {Tromsø}, northern {Norway}},
  volume = {86},
  number = {1},
  journaltitle = {Sarsia},
  shortjournal = {Sarsia},
  author = {Oug, Eivind},
  date = {2001},
  pages = {75--83},
  langid = {english},
  file = {Oug_2001_Polychaetes_in_intertidal_rocky_and_sedimentary.pdf:/home/sonya/Library/Articles/Oug_2001_Polychaetes_in_intertidal_rocky_and_sedimentary.pdf:application/pdf}
}

@article{Kraan_et_al_2010,
  title = {The role of environmental variables in structuring landscape-scale species distributions in seafloor habitats},
  volume = {91},
  number = {6},
  journaltitle = {Ecology},
  shortjournal = {Ecology},
  author = {Kraan, Casper and Aarts, Geert and Van Der Meer, Jaap and Piersma, Theunis},
  date = {2010},
  pages = {1583--1590},
  langid = {english},
  file = {Kraan_et_al_2010_The_role_of_environmental_variables_in.pdf:/home/sonya/Library/Articles/Kraan_et_al_2010_The_role_of_environmental_variables_in.pdf:application/pdf}
}

@article{Wares_Cunningham_2001,
  title = {Phylogeography and historical ecology of the {North} {Atlantic} intertidal},
  volume = {55},
  url = {http://onlinelibrary.wiley.com/doi/10.1111/j.0014-3820.2001.tb00760.x/abstract},
  number = {12},
  journaltitle = {Evolution},
  shortjournal = {Evolution},
  author = {Wares, John P. and Cunningham, Clifford W.},
  urldate = {2014-12-14},
  date = {2001},
  pages = {2455--2469},
  langid = {english},
  file = {Snapshot:/home/sonya/.mozilla/firefox/guyu6igw.default-1406452967294/zotero/storage/QM2AI22M/abstract.html:text/html;Wares_Cunningham_2001_Phylogeography_and_historical_ecology_of_the2.pdf:/home/sonya/Library/Articles/Wares_Cunningham_2001_Phylogeography_and_historical_ecology_of_the2.pdf:application/pdf}
}

@article{Callaway_et_al_2014,
  title = {Size, distribution and sediment biodeposition of prolific bivalves in small estuaries},
  journaltitle = {Estuarine, {Coastal} and {Shelf} {Science}},
  shortjournal = {Estuar. {Coast}. {Shelf} {Sci}.},
  author = {Callaway, Ruth and Grenfell, Suzanne and Bertelli, Chiara and Mendzil, Anouska and Moore, Jon},
  date = {2014},
  langid = {english}
}

@article{Callaway_et_al_2013,
  title = {The riddle of the sands: how population dynamics explains causes of high bivalve mortality},
  volume = {50},
  shorttitle = {The riddle of the sands},
  number = {4},
  journaltitle = {Journal of {Applied} {Ecology}},
  shortjournal = {J. {Appl}. {Ecol}.},
  author = {Callaway, Ruth and Burdon, Daryl and Deasey, Anna and Mazik, Krysia and Elliott, Michael},
  date = {2013},
  pages = {1050--1059},
  langid = {english},
  file = {Callaway_et_al_2013_The_riddle_of_the_sands.pdf:/home/sonya/Library/Articles/Callaway_et_al_2013_The_riddle_of_the_sands.pdf:application/pdf}
}

@article{Johnstone_Chapin_2003,
  title = {Non-equilibrium succession dynamics indicate continued northern migration of lodgepole pine},
  volume = {9},
  number = {10},
  journaltitle = {Global {Change} {Biology}},
  shortjournal = {Glob. {Change} {Biol}.},
  author = {Johnstone, Jill F. and Chapin, F. Stuart},
  date = {2003},
  pages = {1401--1409},
  langid = {english},
  file = {Johnstone_Chapin_2003_Non-equilibrium_succession_dynamics_indicate.pdf:/home/sonya/Library/Articles/Johnstone_Chapin_2003_Non-equilibrium_succession_dynamics_indicate.pdf:application/pdf}
}

@article{Holt_Keitt_2000,
  title = {Alternative causes for range limits: a metapopulation perspective},
  volume = {3},
  shorttitle = {Alternative causes for range limits},
  number = {1},
  journaltitle = {Ecology {Letters}},
  shortjournal = {Ecol. {Lett}.},
  author = {Holt, Robert D. and Keitt, T. H.},
  date = {2000},
  pages = {41--47},
  langid = {english},
  file = {Holt_Keitt_2000_Alternative_causes_for_range_limits.pdf:/home/sonya/Library/Articles/Holt_Keitt_2000_Alternative_causes_for_range_limits.pdf:application/pdf}
}

@article{Svenning_et_al_2008,
  title = {Glacial refugia of temperate trees in {Europe}: insights from species distribution modelling},
  volume = {96},
  shorttitle = {Glacial refugia of temperate trees in {Europe}},
  number = {6},
  journaltitle = {Journal of {Ecology}},
  shortjournal = {J. {Ecol}.},
  author = {Svenning, Jens-Christian and Normand, Signe and Kageyama, Masa},
  date = {2008},
  pages = {1117--1127},
  langid = {english},
  file = {[HTML] с сайта wiley.com:/home/sonya/.mozilla/firefox/guyu6igw.default-1406452967294/zotero/storage/9USVQ2JN/full.html:text/html}
}

@article{Gaston_2009,
  title = {Geographic range limits of species},
  volume = {276},
  number = {1661},
  journaltitle = {Proceedings of the {Royal} {Society} {B}: {Biological} {Sciences}},
  shortjournal = {Proc. {R}. {Soc}. {B} {Biol}. {Sci}.},
  author = {Gaston, Kevin J.},
  date = {2009},
  pages = {1391--1393},
  langid = {english},
  file = {[HTML] с сайта nih.gov:/home/sonya/.mozilla/firefox/guyu6igw.default-1406452967294/zotero/storage/EH9RHQ87/PMC2677225.html:text/html}
}

@article{Sagarin_et_al_2006,
  title = {Moving beyond assumptions to understand abundance distributions across the ranges of species},
  volume = {21},
  number = {9},
  journaltitle = {Trends in {Ecology} \& {Evolution}},
  shortjournal = {Trends {Ecol}. {Evol}.},
  author = {Sagarin, Raphael D. and Gaines, Steven D. and Gaylord, Brian},
  date = {2006},
  pages = {524--530},
  langid = {english},
  file = {Sagarin_et_al_2006_Moving_beyond_assumptions_to_understand_abundance.pdf:/home/sonya/Library/Articles/Sagarin_et_al_2006_Moving_beyond_assumptions_to_understand_abundance.pdf:application/pdf}
}

@article{Teacher_Griffiths_2011,
  title = {{HapStar}: automated haplotype network layout and visualization},
  volume = {11},
  url = {http://onlinelibrary.wiley.com/doi/10.1111/j.1755-0998.2010.02890.x/full},
  shorttitle = {{HapStar}},
  number = {1},
  journaltitle = {Molecular {Ecology} {Resources}},
  shortjournal = {Mol. {Ecol}. {Resour}.},
  author = {Teacher, A. G. F. and Griffiths, D. J.},
  urldate = {2014-12-16},
  date = {2011},
  pages = {151--153},
  langid = {english},
  file = {Snapshot:/home/sonya/.mozilla/firefox/guyu6igw.default-1406452967294/zotero/storage/X5XCRZGZ/full.html:text/html;Teacher_Griffiths_2011_HapStar.pdf:/home/sonya/Library/Articles/Teacher_Griffiths_2011_HapStar.pdf:application/pdf}
}

@article{Sagarin_et_al_2002,
  title = {The ‘abundant centre’distribution: to what extent is it a biogeographical rule?},
  volume = {5},
  shorttitle = {The ‘abundant centre’distribution},
  number = {1},
  journaltitle = {Ecology letters},
  shortjournal = {Ecol. {Lett}.},
  author = {Sagarin, Raphael D. and Gaines, Steven D.},
  date = {2002},
  pages = {137--147},
  langid = {english},
  file = {Sagarin_Gaines_2002_The_‘abundant_centre’distribution2.pdf:/home/sonya/Library/Articles/Sagarin_Gaines_2002_The_‘abundant_centre’distribution2.pdf:application/pdf}
}

@article{Strasser_et_al_2001,
  title = {Differential effects of the severe winter of 1995/96 on the intertidal bivalves {Mytilus} edulis, {Cerastoderma} edule and {Mya} arenaria in the {Northern} {Wadden} {Sea}},
  volume = {55},
  number = {3},
  journaltitle = {Helgoland {Marine} {Research}},
  shortjournal = {Helgol. {Mar}. {Res}.},
  author = {Strasser, Matthias and Reinwald, Torsten and Reise, Karsten},
  date = {2001},
  pages = {190--197},
  langid = {english}
}

@article{Beukema_Dekker_2009,
  title = {The intertidal zoning of cockles ({Cerastoderma} edule) in the {Wadden} {Sea}, or why cockle fishery disturbed areas of relatively high biodiversity},
  volume = {63},
  number = {4},
  journaltitle = {Helgoland {Marine} {Research}},
  shortjournal = {Helgol. {Mar}. {Res}.},
  author = {Beukema, Jan Jacobus and Dekker, R.},
  date = {2009},
  pages = {287--291},
  langid = {english},
  file = {Beukema_Dekker_2009_The_intertidal_zoning_of_cockles_(Cerastoderma.pdf:/home/sonya/Library/Articles/Beukema_Dekker_2009_The_intertidal_zoning_of_cockles_(Cerastoderma.pdf:application/pdf}
}

@article{Sokal_1979,
  title = {Testing statistical significance of geographic variation patterns},
  journaltitle = {Systematic {Zoology}},
  shortjournal = {Syst. {Zool}.},
  author = {Sokal, Robert R.},
  date = {1979},
  pages = {227--232},
  langid = {english}
}

@article{Guryanova_et_al_1928,
  title = {Литораль {Кольского} залива},
  volume = {60},
  number = {2},
  journaltitle = {Тр. {Ленинград}. о-ва естествоиспыт},
  shortjournal = {Тр {Ленинград} {О}-{Ва} {Естествоиспыт}},
  author = {Гурьянова, Е. Ф. and Закс, И. Г. and Ушаков, П. В.},
  date = {1928},
  pages = {17--107},
  langid = {russian}
}

@article{Sexton_et_al_2009,
  title = {Evolution and ecology of species range limits},
  author = {Sexton, Jason P. and McIntyre, Patrick J. and Angert, Amy L. and Rice, Kevin J.},
  date = {2009},
  langid = {english},
  file = {Sexton_et_al_2009_Evolution_and_ecology_of_species_range_limits.pdf:/home/sonya/Library/Articles/Sexton_et_al_2009_Evolution_and_ecology_of_species_range_limits.pdf:application/pdf}
}

@book{Tukey_1976,
  title = {Exploratory {Data} {Analysis}},
  author = {Tukey, J. W. and Smith, J. T. and Griffin, M. P.},
  langid = {english}
}

@article{Ramon_2003,
  title = {Population dynamics and secondary production of the cockle {Cerastoderma} edule ({L}.) in a backbarrier tidal flat in the {Wadden} {Sea}},
  volume = {67},
  number = {4},
  journaltitle = {Scientia {Marina}},
  shortjournal = {Sci. {Mar}.},
  author = {Ramón, Montserrat},
  date = {2003},
  pages = {429--443},
  langid = {english},
  file = {Ramon_2003_Population_dynamics_and_secondary_production_of.pdf:/home/sonya/Library/Articles/Ramon_2003_Population_dynamics_and_secondary_production_of.pdf:application/pdf}
}

@article{Holsinger_Weir_2009,
  title = {Genetics in geographically structured populations: defining, estimating and interpreting {FST}},
  volume = {10},
  url = {http://www.nature.com/nrg/journal/v10/n9/abs/nrg2611.html},
  shorttitle = {Genetics in geographically structured populations},
  number = {9},
  journaltitle = {Nature {Reviews} {Genetics}},
  shortjournal = {Nat. {Rev}. {Genet}.},
  author = {Holsinger, Kent E. and Weir, Bruce S.},
  urldate = {2014-12-17},
  date = {2009},
  pages = {639--650},
  langid = {english},
  file = {[HTML] с сайта nature.com:/home/sonya/.mozilla/firefox/guyu6igw.default-1406452967294/zotero/storage/JEHRHN54/nrg2611.html:text/html;Snapshot:/home/sonya/.mozilla/firefox/guyu6igw.default-1406452967294/zotero/storage/ZCJMVTWZ/nrg2611.html:text/html}
}

@article{Mikkelsen_Pedersen_2004,
  title = {How can the stock recruitment relationship of the {Barents} {Sea} capelin ({Mallotus} villosus) be improved by incorporating biotic and abiotic factors?},
  volume = {23},
  number = {1},
  journaltitle = {Polar {Research}},
  shortjournal = {Polar {Res}.},
  author = {Mikkelsen, Nina and Pedersen, Torstein},
  date = {2004},
  pages = {19--26},
  langid = {english},
  file = {Mikkelsen_Pedersen_2004_How_can_the_stock_recruitment_relationship_of_the.pdf:/home/sonya/Library/Articles/Mikkelsen_Pedersen_2004_How_can_the_stock_recruitment_relationship_of_the.pdf:application/pdf}
}

@article{Gjosaeter_1995,
  title = {Pelagic fish and the ecological impact of the modern fishing industry in the {Barents} {Sea}},
  journaltitle = {Arctic},
  shortjournal = {Arctic},
  author = {Gjøs\a eter, Harald},
  date = {1995},
  pages = {267--278},
  langid = {english},
  file = {Gjosa_eter_1995_Pelagic_fish_and_the_ecological_impact_of_the.pdf:/home/sonya/Library/Articles/Gjosa_eter_1995_Pelagic_fish_and_the_ecological_impact_of_the.pdf:application/pdf}
}

@article{Richardson_et_al_1993,
  title = {Emergence pattern and spatial distribution of the common cockle {Cerastoderma} edule},
  volume = {99},
  number = {1-2},
  journaltitle = {Mar. {Ecol}. {Prog}. {Ser}},
  shortjournal = {Mar {Ecol} {Prog} {Ser}},
  author = {Richardson, C. A. and Ibarrola, I. and Ingham, R. J.},
  date = {1993},
  pages = {71--81},
  langid = {english},
  file = {Richardson_et_al_1993_Emergence_pattern_and_spatial_distribution_of_the.pdf:/home/sonya/Library/Articles/Richardson_et_al_1993_Emergence_pattern_and_spatial_distribution_of_the.pdf:application/pdf}
}

@article{Santos_et_al_2012,
  title = {Site-specific distribution of the bivalve {Scrobicularia} plana along the {European} coast},
  volume = {471},
  journaltitle = {Mar {Ecol} {Prog} {Ser}},
  shortjournal = {Mar {Ecol} {Prog} {Ser}},
  author = {Santos, Sílvia and Aarts, Geert and Luttikhuizen, Pieternella C. and Campos, Joana and Piersma, Theunis and van der Veer, Henk W.},
  date = {2012},
  pages = {123--134},
  langid = {english},
  file = {Santos_et_al_2012_Site-specific_distribution_of_the_bivalve.pdf:/home/sonya/Library/Articles/Santos_et_al_2012_Site-specific_distribution_of_the_bivalve.pdf:application/pdf}
}

@article{OssaCarretero_et_al_2012,
  title = {Assessing reliable indicators to sewage pollution in coastal soft-bottom communities},
  volume = {184},
  number = {4},
  journaltitle = {Environmental monitoring and assessment},
  shortjournal = {Environ. {Monit}. {Assess}.},
  author = {de-la-Ossa-Carretero, Jose Antonio and Del-Pilar-Ruso, Yoana and Giménez-Casalduero, Francisca and Sánchez-Lizaso, Jose Luis},
  date = {2012},
  pages = {2133--2149},
  langid = {english},
  file = {de-la-Ossa-Carretero_et_al_2012_Assessing_reliable_indicators_to_sewage_pollution.pdf:/home/sonya/Library/Articles/de-la-Ossa-Carretero_et_al_2012_Assessing_reliable_indicators_to_sewage_pollution.pdf:application/pdf}
}

@article{Littler_Murray_1975,
  title = {Impact of sewage on the distribution, abundance and community structure of rocky intertidal macro-organisms},
  volume = {30},
  number = {4},
  journaltitle = {Marine {Biology}},
  shortjournal = {Mar. {Biol}.},
  author = {Littler, M. M. and Murray, S. N.},
  date = {1975},
  pages = {277--291},
  langid = {english}
}

@article{Dahle_et_al_1998,
  title = {Benthic fauna in the {Pechora} {Sea}},
  volume = {83},
  number = {3},
  journaltitle = {Sarsia},
  shortjournal = {Sarsia},
  author = {Dahle, Salve and Denisenko, Stanislav G. and Denisenko, Nina V. and Cochrane, Sabine J.},
  date = {1998},
  pages = {183--210},
  langid = {english},
  file = {Dahle_et_al_1998_Benthic_fauna_in_the_Pechora_Sea.pdf:/home/sonya/Library/Articles/Dahle_et_al_1998_Benthic_fauna_in_the_Pechora_Sea.pdf:application/pdf}
}

@article{Becquet_et_al_2009,
  title = {Microsatellite markers for the {Baltic} clam, {Macoma} balthica ({Linné}, 1758), a key species concerned by changing southern limit, in exploited littoral ecosystems},
  volume = {1},
  number = {1},
  journaltitle = {Conservation {Genetics} {Resources}},
  shortjournal = {Conserv. {Genet}. {Resour}.},
  author = {Becquet, Vanessa and Lanneluc, I. and Simon-Bouhet, B. and García, P.},
  date = {2009},
  pages = {265--267},
  langid = {english},
  file = {Becquet_et_al_2009_Microsatellite_markers_for_the_Baltic_clam,.pdf:/home/sonya/Library/Articles/Becquet_et_al_2009_Microsatellite_markers_for_the_Baltic_clam,.pdf:application/pdf}
}

@article{Gerasimova_Maximovich_2013,
  title = {Age–size structure of common bivalve mollusc populations in the {White} {Sea}: the causes of instability},
  volume = {706},
  shorttitle = {Age–size structure of common bivalve mollusc populations in the {White} {Sea}},
  number = {1},
  journaltitle = {Hydrobiologia},
  shortjournal = {Hydrobiologia},
  author = {Gerasimova, Alexandra V. and Maximovich, Nikolay V.},
  date = {2013},
  pages = {119--137},
  langid = {english},
  file = {Gerasimova_Maximovich_2013_Age–size_structure_of_common_bivalve_mollusc.pdf:/home/sonya/Library/Articles/Gerasimova_Maximovich_2013_Age–size_structure_of_common_bivalve_mollusc.pdf:application/pdf}
}

@article{Denisenko_et_al_2003,
  title = {Macrozoobenthos of the {Pechora} {Sea} ({SE} {Barents} {Sea}): community structure and spatial distribution in relation to environmental conditions},
  volume = {258},
  shorttitle = {Macrozoobenthos of the {Pechora} {Sea} ({SE} {Barents} {Sea})},
  journaltitle = {Marine {Ecology} {Progress} {Series}},
  shortjournal = {Mar. {Ecol}. {Prog}. {Ser}.},
  author = {Denisenko, S. G. and Denisenko, N. V. and Lehtonen, K. K. and Andersin, A. B. and Laine, A. O.},
  date = {2003},
  pages = {109--123},
  langid = {english},
  file = {Denisenko_et_al_2003_Macrozoobenthos_of_the_Pechora_Sea_(SE_Barents.pdf:/home/sonya/Library/Articles/Denisenko_et_al_2003_Macrozoobenthos_of_the_Pechora_Sea_(SE_Barents.pdf:application/pdf}
}

@article{Parsons_Thomas_1979,
  title = {Notes on the ecology of the {Clwyd} estuary, north {Wales}},
  volume = {13},
  number = {6},
  journaltitle = {Journal of {Natural} {History}},
  shortjournal = {J. {Nat}. {Hist}.},
  author = {Parsons, Neil and Thomas, M. Pugh},
  date = {1979},
  pages = {725--734},
  langid = {english}
}

@article{Brady_1943,
  title = {The distribution of the fauna of some intertidal sands and muds on the {Northumberland} coast},
  journaltitle = {The {Journal} of {Animal} {Ecology}},
  shortjournal = {J. {Anim}. {Ecol}.},
  author = {Brady, F.},
  date = {1943},
  pages = {27--41},
  langid = {english}
}

@book{Dare_et_al_2004,
  title = {Historical and current status of cockle and mussel stocks in {The} {Wash}},
  publisher = {Citeseer},
  author = {Dare, P. J. and Bell, M. C. and Walker, P. and Bannister, R. C. A.},
  date = {2004},
  langid = {english},
  file = {Dare_et_al_2004_Historical_and_current_status_of_cockle_and.pdf:/home/sonya/Library/Articles/Dare_et_al_2004_Historical_and_current_status_of_cockle_and.pdf:application/pdf}
}

@article{Clarke_et_al_2008,
  title = {Testing of null hypotheses in exploratory community analyses: similarity profiles and biota-environment linkage},
  volume = {366},
  shorttitle = {Testing of null hypotheses in exploratory community analyses},
  number = {1},
  journaltitle = {Journal of {Experimental} {Marine} {Biology} and {Ecology}},
  shortjournal = {J. {Exp}. {Mar}. {Biol}. {Ecol}.},
  author = {Clarke, K. Robert and Somerfield, Paul J. and Gorley, Raymond N.},
  date = {2008},
  pages = {56--69},
  langid = {english},
  file = {Clarke_et_al_2008_Testing_of_null_hypotheses_in_exploratory.pdf:/home/sonya/Library/Articles/Clarke_et_al_2008_Testing_of_null_hypotheses_in_exploratory.pdf:application/pdf}
}

@article{GILBERT_1977,
  title = {The behaviour and functional morphology of deposit feeding in {Macoma} balthica ({Linné}, 1758), in {New} {England}},
  volume = {43},
  number = {1},
  journaltitle = {Journal of {Molluscan} {Studies}},
  shortjournal = {J. {Molluscan} {Stud}.},
  author = {GILBERT, MARY ANN},
  date = {1977},
  pages = {18--27},
  langid = {english}
}

@article{Harvey_Vincent_1989,
  title = {Spatial and temporal variations of the reproduction cycle and energy allocation of the bivalve\ensuremath{<} i\ensuremath{>} {Macoma} balthica({L}.) on a tidal flat},
  volume = {129},
  number = {3},
  journaltitle = {Journal of experimental marine biology and ecology},
  shortjournal = {J. {Exp}. {Mar}. {Biol}. {Ecol}.},
  author = {Harvey, Michel and Vincent, Bruno},
  date = {1989},
  pages = {199--217},
  langid = {english}
}

@article{Gilbert_1978,
  title = {{ASPECTS} {OF} {REPRODUCTIVE}-{CYCLE} {IN} {MACOMA}-{BALTHICA} ({BIVALVIA})},
  volume = {92},
  number = {1},
  journaltitle = {Nautilus},
  shortjournal = {Nautilus},
  author = {Gilbert, M. A.},
  date = {1978},
  pages = {21--24},
  langid = {english}
}

@article{Cain_Louma_1990,
  title = {Influence of seasonal growth, age, and environmental exposure on {Cu} and {Ag} in a bivalve indicator, {Macoma} balthica, in {San} {Francisco} {Bay}.},
  volume = {60},
  number = {1},
  journaltitle = {Marine ecology progress series. {Oldendorf}},
  shortjournal = {Mar. {Ecol}. {Prog}. {Ser}. {Oldendorf}},
  author = {Cain, Daniel J. and Luoma, Samuel N.},
  date = {1990},
  pages = {45--55},
  langid = {english},
  file = {Cain_Luoma_1990_Influence_of_seasonal_growth,_age,_and.pdf:/home/sonya/Library/Articles/Cain_Luoma_1990_Influence_of_seasonal_growth,_age,_and.pdf:application/pdf}
}

@article{Sokolowski_et_al_2008,
  title = {Shell deformations in the {Baltic} clam {Macoma} balthica from southern {Baltic} {Sea} (the {Gulf} of {Gdansk}): hypotheses on environmental effects},
  volume = {37},
  shorttitle = {Shell deformations in the {Baltic} clam {Macoma} balthica from southern {Baltic} {Sea} (the {Gulf} of {Gdansk})},
  number = {2},
  journaltitle = {{AMBIO}: {A} {Journal} of the {Human} {Environment}},
  shortjournal = {{AMBIO} {J}. {Hum}. {Environ}.},
  author = {Sokolowski, Adam and Pawlikowski, Krzysztof and Wolowicz, Maciej and Garcia, Pascale and Namiesnik, Jacek},
  date = {2008},
  pages = {93--100},
  langid = {english},
  file = {Sokolowski_et_al_2008_Shell_deformations_in_the_Baltic_clam_Macoma.pdf:/home/sonya/Library/Articles/Sokolowski_et_al_2008_Shell_deformations_in_the_Baltic_clam_Macoma.pdf:application/pdf}
}

@article{Kamermans_et_al_1999,
  title = {Morphological differences in\ensuremath{<} i\ensuremath{>} {Macoma} balthica({Bivalvia}, {Tellinacea}) from a {Dutch} and three southeastern {United} {States} estuaries},
  volume = {41},
  number = {3},
  journaltitle = {Journal of {Sea} {Research}},
  shortjournal = {J. {Sea} {Res}.},
  author = {Kamermans, Pauline and Van der Veer, Henk W. and Witte, Johannes IJ and Adriaans, Ewout J.},
  date = {1999},
  pages = {213--224},
  langid = {english}
}

@article{Jones_Jones_1981,
  title = {The soft shore environment of {Sullom} {Voe} and the north mainland of {Shetland}},
  volume = {80},
  journaltitle = {Proceedings of the {Royal} {Society} of {Edinburgh}. {Section} {B}. {Biological} {Sciences}},
  shortjournal = {Proc. {R}. {Soc}. {Edinb}. {Sect}. {B} {Biol}. {Sci}.},
  author = {Jones, A. M. and Jones, Y. M.},
  date = {1981},
  pages = {203--218},
  langid = {english}
}

@article{IVELL_1981,
  title = {A quantitative study of a {Cerastoderma}—{Nephthys} community in the {Limfjord}, {Denmark}, with special reference to production of cerastoderma edule},
  volume = {47},
  number = {2},
  journaltitle = {Journal of {Molluscan} {Studies}},
  shortjournal = {J. {Molluscan} {Stud}.},
  author = {IVELL, RICHARD},
  date = {1981},
  pages = {147--170},
  langid = {english}
}

@article{Beukema_et_al_1993,
  title = {Year-to-year variability in the biomass of macrobenthic animals on tidal flats of the {Wadden} {Sea}: how predictable is this food source for birds?},
  volume = {31},
  shorttitle = {Year-to-year variability in the biomass of macrobenthic animals on tidal flats of the {Wadden} {Sea}},
  number = {4},
  journaltitle = {Netherlands {Journal} of {Sea} {Research}},
  shortjournal = {Neth. {J}. {Sea} {Res}.},
  author = {Beukema, J. J. and Essink, K. and Michaelis, H. and Zwarts, L.},
  date = {1993},
  pages = {319--330},
  langid = {english}
}

@article{Beukema_et_al_2002,
  title = {Zoobenthic biomass limited by phytoplankton abundance: evidence from parallel changes in two long-term data series in the {Wadden} {Sea}},
  volume = {48},
  shorttitle = {Zoobenthic biomass limited by phytoplankton abundance},
  number = {2},
  journaltitle = {Journal of {Sea} {Research}},
  shortjournal = {J. {Sea} {Res}.},
  author = {Beukema, J. J. and Cadée, G. C. and Dekker, R.},
  date = {2002},
  pages = {111--125},
  langid = {english}
}

@article{Kraan_et_al_2009,
  title = {Patchiness of macrobenthic invertebrates in homogenized intertidal habitats: hidden spatial structure at a landscape scale},
  volume = {383},
  shorttitle = {Patchiness of macrobenthic invertebrates in homogenized intertidal habitats},
  journaltitle = {Marine {Ecology} {Progress} {Series}},
  shortjournal = {Mar. {Ecol}. {Prog}. {Ser}.},
  author = {Kraan, Casper and van der Meer, Jaap and Dekinga, Anne and Piersma, Theunis},
  date = {2009},
  pages = {211--224},
  langid = {english},
  file = {Kraan_et_al_2009_Patchiness_of_macrobenthic_invertebrates_in.pdf:/home/sonya/Library/Articles/Kraan_et_al_2009_Patchiness_of_macrobenthic_invertebrates_in.pdf:application/pdf}
}

@thesis{Gilbert_1975,
  title = {Distribution, reproduction, feeding and growth of {Macoma} balthica in {New} {England}},
  institution = {University of {Massachusetts}},
  type = {phdthesis},
  author = {Gilbert, Mary Ann B.},
  date = {1975},
  langid = {english}
}

@article{Reise_et_al_1994,
  title = {Biomass and abundance of macrofauna in intertidal sediments of {K\"onigshafen} in the northern {Wadden} {Sea}},
  volume = {48},
  number = {2-3},
  journaltitle = {Helgol\"ander {Meeresuntersuchungen}},
  shortjournal = {Helgol\"ander {Meeresunters}.},
  author = {Reise, K. and Herre, E. and Sturm, M.},
  date = {1994},
  pages = {201--215},
  langid = {english}
}

@article{Hummel_1985,
  title = {An energy budget for a\ensuremath{<} i\ensuremath{>} {Macoma} balthica(mollusca) population living on a tidal flat in the {Dutch} {Wadden} {Sea}},
  volume = {19},
  number = {1},
  journaltitle = {Netherlands journal of sea research},
  shortjournal = {Neth. {J}. {Sea} {Res}.},
  author = {Hummel, H.},
  date = {1985},
  pages = {84--92},
  langid = {english}
}

@article{Beukema_Cadee_1986,
  title = {Zoobenthos responses to eutrophication of the {Dutch} {Wadden} {Sea}},
  volume = {26},
  number = {1},
  journaltitle = {Ophelia},
  shortjournal = {Ophelia},
  author = {Beukema, J. J. and Cadée, G. C.},
  date = {1986},
  pages = {55--64},
  langid = {english}
}

@article{Beukema_1979,
  title = {Biomass and species richness of the macrobenthic animals living on a tidal flat area in the {Dutch} {Wadden} {Sea}: effects of a severe winter},
  volume = {13},
  shorttitle = {Biomass and species richness of the macrobenthic animals living on a tidal flat area in the {Dutch} {Wadden} {Sea}},
  number = {2},
  journaltitle = {Netherlands {Journal} of {Sea} {Research}},
  shortjournal = {Neth. {J}. {Sea} {Res}.},
  author = {Beukema, J. J.},
  date = {1979},
  pages = {203--223},
  langid = {english}
}

@article{Beukema_1976,
  title = {Biomass and species richness of the macro-benthic animals living on the tidal flats of the {Dutch} {Wadden} {Sea}},
  volume = {10},
  number = {2},
  journaltitle = {Netherlands {Journal} of {Sea} {Research}},
  shortjournal = {Neth. {J}. {Sea} {Res}.},
  author = {Beukema, J. J.},
  date = {1976},
  pages = {236--261},
  langid = {english}
}

@article{Zwarts_Wanink_1993,
  title = {How the food supply harvestable by waders in the {Wadden} {Sea} depends on the variation in energy density, body weight, biomass, burying depth and behaviour of tidal-flat invertebrates},
  volume = {31},
  number = {4},
  journaltitle = {Netherlands {Journal} of {Sea} {Research}},
  shortjournal = {Neth. {J}. {Sea} {Res}.},
  author = {Zwarts, Leo and Wanink, Jan H.},
  date = {1993},
  pages = {441--476},
  langid = {english}
}

@article{Madsen_Jensen_1987,
  title = {Population dynamics of {Macoma} balthica in the {Danish} {Wadden} {Sea} in an organically enriched area},
  volume = {27},
  number = {3},
  journaltitle = {Ophelia},
  shortjournal = {Ophelia},
  author = {Madsen, Poul Brinch and Jensen, Kurt},
  date = {1987},
  pages = {197--208},
  langid = {english}
}

@article{Beukema_1982,
  title = {Annual variation in reproductive success and biomass of the major macrozoobenthic species living in a tidal flat area of the {Wadden} {Sea}},
  volume = {16},
  journaltitle = {Netherlands {Journal} of {Sea} {Research}},
  shortjournal = {Neth. {J}. {Sea} {Res}.},
  author = {Beukema, J. J.},
  date = {1982},
  pages = {37--45},
  langid = {english}
}

@article{Honkoop_Meer_1998,
  title = {Experimentally induced effects of water temperature and immersion time on reproductive output of bivalves in the {Wadden} {Sea}},
  volume = {220},
  number = {2},
  journaltitle = {Journal of {Experimental} {Marine} {Biology} and {Ecology}},
  shortjournal = {J. {Exp}. {Mar}. {Biol}. {Ecol}.},
  author = {Honkoop, P. J. C. and Van der Meer, J.},
  date = {1998},
  pages = {227--246},
  langid = {english}
}

@article{Beukema_Dekker_2003,
  title = {Redistribution of spat-sized {Macoma} balthica in the {Wadden} {Sea} in cold and mild winters},
  volume = {265},
  journaltitle = {Marine {Ecology} {Progress} {Series}},
  shortjournal = {Mar. {Ecol}. {Prog}. {Ser}.},
  author = {Beukema, J. J. and Dekker, R.},
  date = {2003},
  pages = {117--122},
  langid = {english},
  file = {Beukema_Dekker_2003_Redistribution_of_spat-sized_Macoma_balthica_in.pdf:/home/sonya/Library/Articles/Beukema_Dekker_2003_Redistribution_of_spat-sized_Macoma_balthica_in.pdf:application/pdf}
}

@article{Hummel_1985a,
  title = {Food intake of\ensuremath{<} i\ensuremath{>} {Macoma} balthica(mollusca) in relation to seasonal changes in its potential food on a tidal flat in the {Dutch} {Wadden} {Sea}},
  volume = {19},
  number = {1},
  journaltitle = {Netherlands {Journal} of {Sea} {Research}},
  shortjournal = {Neth. {J}. {Sea} {Res}.},
  author = {Hummel, H.},
  date = {1985},
  pages = {52--76},
  langid = {english}
}

@article{Beukema_et_al_2001,
  title = {Synchronized reproductive success of the main bivalve species in the {Wadden} {Sea}: causes and consequences},
  volume = {211},
  shorttitle = {Synchronized reproductive success of the main bivalve species in the {Wadden} {Sea}},
  journaltitle = {Marine ecology. {Progress} series},
  shortjournal = {Mar. {Ecol}. {Prog}. {Ser}.},
  author = {Beukema, J. J. and Dekker, R. and Essink, K. and Michaelis, H.},
  date = {2001},
  pages = {143--155},
  langid = {english}
}

@article{Gusev_JurgensMarkina_2012,
  title = {Growth and production of the bivalve {Macoma} balthica ({Linnaeus}, 1758)({Cardiida}: {Tellinidae}) in the southeastern part of the {Baltic} {Sea}},
  volume = {38},
  shorttitle = {Growth and production of the bivalve {Macoma} balthica ({Linnaeus}, 1758)({Cardiida}},
  number = {1},
  journaltitle = {Russian {Journal} of {Marine} {Biology}},
  shortjournal = {Russ. {J}. {Mar}. {Biol}.},
  author = {Gusev, A. A. and Jurgens-Markina, E. M.},
  date = {2012},
  pages = {56--63},
  langid = {english},
  file = {Gusev_Jurgens-Markina_2012_Growth_and_production_of_the_bivalve_Macoma.pdf:/home/sonya/Library/Articles/Gusev_Jurgens-Markina_2012_Growth_and_production_of_the_bivalve_Macoma.pdf:application/pdf}
}

@article{Rousi_et_al_2013,
  title = {Long-term changes in coastal zoobenthos in the northern {Baltic} {Sea}: the role of abiotic environmental factors},
  shorttitle = {Long-term changes in coastal zoobenthos in the northern {Baltic} {Sea}},
  journaltitle = {{ICES} {Journal} of {Marine} {Science}: {Journal} du {Conseil}},
  shortjournal = {{ICES} {J}. {Mar}. {Sci}. {J}. {Cons}.},
  author = {Rousi, Heta and Laine, Ari O. and Peltonen, Heikki and Kangas, Pentti and Andersin, Ann-Britt and Rissanen, Jouko and Sandberg-Kilpi, Eva and Bonsdorff, Erik},
  date = {2013},
  pages = {fss197},
  langid = {english},
  file = {Rousi_et_al_2013_Long-term_changes_in_coastal_zoobenthos_in_the.pdf:/home/sonya/Library/Articles/Rousi_et_al_2013_Long-term_changes_in_coastal_zoobenthos_in_the.pdf:application/pdf}
}

@article{Laine_et_al_2003,
  title = {A comparison between 1928 and 2000 indicates major changes in the macrozoobenthos species composition and abundance on the {SW} coast of {Finland} ({Baltic} {Sea})},
  volume = {52},
  journaltitle = {Proc. {Estonian} {Acad}. {Sci}. {Biol}. {Ecol}},
  shortjournal = {Proc {Est}. {Acad} {Sci} {Biol} {Ecol}},
  author = {Laine, Ari O. and Luodekari, Kaisa and Poikonen, Minna and Viitasalo, Markku},
  date = {2003},
  pages = {3--16},
  langid = {english},
  file = {[HTML] с сайта google.com:/home/sonya/.mozilla/firefox/guyu6igw.default-1406452967294/zotero/storage/IWT238XV/books.html:text/html}
}

@article{Beukema_et_al_1977,
  title = {Variability of growth rate of {Macoma} balthica ({L}.) in the {Wadden} {Sea} in relation to availability of food},
  author = {Beukema, J. J. and Cadee, G. C. and Jansen, J. J. M. and others},
  date = {1977},
  langid = {english}
}

@article{Kotta_et_al_2004,
  title = {Changes in the feeding behaviour of benthic invertebrates: effect of the introduced polychaete {Marenzelleria} viridis on the {Baltic} clam {Macoma} balthica},
  volume = {53},
  shorttitle = {Changes in the feeding behaviour of benthic invertebrates},
  journaltitle = {Proc. {Estonian} {Acad}. {Sci}. {Biol}. {Ecol}},
  shortjournal = {Proc {Est}. {Acad} {Sci} {Biol} {Ecol}},
  author = {Kotta, Jonne and Orav-Kotta, Helen and Sandberg-Kilpi, Eva},
  date = {2004},
  pages = {269--275},
  langid = {english},
  file = {[HTML] с сайта google.com:/home/sonya/.mozilla/firefox/guyu6igw.default-1406452967294/zotero/storage/NEX7MXPZ/books.html:text/html}
}

@article{Shklyarevich_Sherbakova_2005,
  title = {Многолетние изменения поселений {Mya} arenaria на литорали {Кандалакшского} залива {Белого} моря},
  author = {Шкляревич, Г. А. and Щербакова, И. Б.},
  date = {2005},
  langid = {russian},
  file = {Шкляревич_Щербакова_Многолетние_изменения_поселений_Mya_arenaria_на.pdf:/home/sonya/Library/Articles/Шкляревич_Щербакова_Многолетние_изменения_поселений_Mya_arenaria_на.pdf:application/pdf}
}

@inproceedings{Aschan_1988,
  title = {Soft bottom macrobenthos in a {Baltic} archipelago: {Spatial} variation and optimal sampling strategy.},
  volume = {25},
  shorttitle = {Soft bottom macrobenthos in a {Baltic} archipelago},
  booktitle = {Annales {Zoologici} {Fennici}},
  author = {Aschan, Michaela},
  date = {1988},
  pages = {153--164},
  langid = {english},
  file = {Aschan_1988_Soft_bottom_macrobenthos_in_a_Baltic_archipelago.pdf:/home/sonya/Library/Articles/Aschan_1988_Soft_bottom_macrobenthos_in_a_Baltic_archipelago.pdf:application/pdf}
}

@article{Sokolowski_et_al_2002,
  title = {The relationship between metal concentrations and phenotypes in the {Baltic} clam\ensuremath{<} i\ensuremath{>} {Macoma} balthica({L}.) from the {Gulf} of {Gdansk}, southern {Baltic}},
  volume = {47},
  number = {5},
  journaltitle = {Chemosphere},
  shortjournal = {Chemosphere},
  author = {Sokolowski, Adam and Fichet, Denis and Garcia-Meunier, Pascale and Radenac, Gilles and Wolowicz, Maciej and Blanchard, Gerard},
  date = {2002},
  pages = {475--484},
  langid = {english}
}

@article{Maximovich_2003,
  title = {О концепции понятия поселение в экологии морского бентоса},
  journaltitle = {V научного семинара «{Чтения} памяти {КМ} {Дерюгина}»},
  shortjournal = {V {Научного} {Семинара} «{Чтения} {Памяти} {КМ} {Дерюгина}»},
  author = {Максимович, Н. В.},
  date = {2003},
  pages = {27},
  langid = {russian},
  file = {Максимович_2003_О_концепции_понятия_поселение_в_экологии_морского.pdf:/home/sonya/Library/Articles/Максимович_2003_О_концепции_понятия_поселение_в_экологии_морского.pdf:application/pdf}
}

@article{Maksimovich_Shilin_2012,
  title = {{SPATIOTEMPORAL} {DISTRIBUTION} {OF} {PLANKTONIC} {LARVAE} {OF} {BIVALVIA} {MOLLUSC} {SPECIES} {IN} {SEMI}-{ISOLATED} {MARINE} {BASINS} {AS} {EXEMPLIFIED} {WITH} {THE} {CHUPA} {INLET} {OF} {THE} {WHITE} {SEA}.},
  volume = {4},
  number = {3},
  journaltitle = {Biosphere},
  shortjournal = {Biosphere},
  author = {Maksimovich, N. V. and Shilin, M. B.},
  date = {2012},
  langid = {english}
}

@article{Filippova_Maximovich_2012,
  title = {Влияние режима пробоотбора на результаты классификации описаний сообществ литорального макробентоса},
  journaltitle = {{XIII} научного семинара «{Чтения} памяти {КМ} {Дерюгина}»},
  shortjournal = {{XIII} {Научного} {Семинара} «{Чтения} {Памяти} {КМ} {Дерюгина}»},
  author = {Филиппова, Н.А. and Максимович, Н.В.},
  date = {2012},
  pages = {58},
  langid = {russian},
  file = {МАКСИМОВИЧ_Влияние_режима_пробоотбора_на_результаты.pdf:/home/sonya/Library/Articles/МАКСИМОВИЧ_Влияние_режима_пробоотбора_на_результаты.pdf:application/pdf}
}

@inproceedings{Kolobov_2005,
  title = {{ФОРМИРОВАНИЕ} {РАЗМЕРНОЙ} {СТРУКТУРЫ} {И} {СКОРОСТЬ} {МЕТАМОРФОЗА} {ГИДРОБИОНТОВ}, {ПРИ} {ДЕФИЦИТЕ} {ПРОСТРАНСТВА} {В} {УСЛОВИЯХ} {АКВАРИУМА}},
  booktitle = {Проблемы аквакультуры: {Межвед}. сб. науч. и науч.-метод. тр./{Московский} зоопарк, 2005, 175 с. {Настоящий} сборник трудов создан по материалам научно-практических конференций «{Проблемы} морской аквариумистики в {СНГ}» и «{Аквариум} как средство познания мира», проведенных совместно {ЕАРАЗА} и {ООО} «{Аква} {Лого}» в 2004-2005 годах в {Москве}. {В} него},
  author = {Колобов, М. Ю.},
  date = {2005},
  pages = {86},
  langid = {russian},
  file = {Колобов_ФОРМИРОВАНИЕ_РАЗМЕРНОЙ_СТРУКТУРЫ_И_СКОРОСТЬ.pdf:/home/sonya/Library/Articles/Колобов_ФОРМИРОВАНИЕ_РАЗМЕРНОЙ_СТРУКТУРЫ_И_СКОРОСТЬ.pdf:application/pdf}
}

@article{Maximovich_Gerasimova_2007,
  title = {о характере элиминации в поселениях массовых видов двустворчатых моллюсков белого моря},
  number = {4},
  journaltitle = {Вестник {Санкт}-{Петербургского} университета. {Серия} 3: {Биология}},
  shortjournal = {Вестник {Санкт}-{Петербургского} {Университета} {Серия} 3 {Биология}},
  author = {Максимович, Н. В. and Герасимова, А. В.},
  date = {2007},
  pages = {54--62},
  langid = {russian},
  file = {Максимович_Герасимова_2007_о_характере_элиминации_в_поселениях_массовых.pdf:/home/sonya/Library/Articles/Максимович_Герасимова_2007_о_характере_элиминации_в_поселениях_массовых.pdf:application/pdf}
}

@article{Stolyarov_2010,
  title = {{ПРОСТРАНСТВЕННАЯ} {СТРУКТУРА} {ЛИТОРАЛЬНОГО} {СООБЩЕСТВА} {ЛАПШАГИНСКОГО} {ЭСТУАРИЯ} {И} {ЕЕ} {ИЗМЕНЕНИЯ} {В} {ЛЕТНИЙ} {ПЕРИОД} ({КАНДАЛАКШСКИЙ} {ЗАЛИВ}, {БЕЛОЕ} {МОРЕ})},
  journaltitle = {{ИЗУЧЕНИЯ}, {РАЦИОНАЛЬНОГО} {ИСПОЛЬЗОВАНИЯ} {И} {ОХРАНЫ} {ПРИРОДНЫХ} {РЕСУРСОВ} {БЕЛОГО} {МОРЯ}},
  shortjournal = {{ИЗУЧЕНИЯ} {РАЦИОНАЛЬНОГО} {ИСПОЛЬЗОВАНИЯ} {И} {ОХРАНЫ} {ПРИРОДНЫХ} {РЕСУРСОВ} {БЕЛОГО} {МОРЯ}},
  author = {Столяров, А. П.},
  date = {2010},
  pages = {183},
  langid = {russian}
}

@article{Luttikhuizen_Drent_2008,
  title = {Inheritance of predominantly hidden shell colours in {Macoma} balthica ({L}.)({Bivalvia}: {Tellinidae})},
  volume = {74},
  shorttitle = {Inheritance of predominantly hidden shell colours in {Macoma} balthica ({L}.)({Bivalvia}},
  number = {4},
  journaltitle = {Journal of {Molluscan} {Studies}},
  shortjournal = {J. {Molluscan} {Stud}.},
  author = {Luttikhuizen, P. C. and Drent, J.},
  date = {2008},
  pages = {363--371},
  langid = {english}
}

@article{Primakov_et_al_d,
  title = {Состав и сезонная динамика меропланктона устьевой части губы {Чупа} ({Белое} море)},
  author = {Примаков, И. М. and Саранчова, О. Л. and Ушакова, О. О.},
  langid = {russian},
  file = {Примаков_et_al_Состав_и_сезонная_динамика_меропланктона_устьевой.pdf:/home/sonya/Library/Articles/Примаков_et_al_Состав_и_сезонная_динамика_меропланктона_устьевой.pdf:application/pdf}
}

@article{Zwarts_1991,
  title = {Seasonal variation in body weight of the bivalves\ensuremath{<} i\ensuremath{>} {Macoma} balthica, {Scrobicularia} plana, {Mya} arenaria and\ensuremath{<} i\ensuremath{>} {Cerastoderman} edule in the {Dutch} {Wadden} sea},
  volume = {28},
  number = {3},
  journaltitle = {Netherlands {Journal} of {Sea} {Research}},
  shortjournal = {Neth. {J}. {Sea} {Res}.},
  author = {Zwarts, Leo},
  date = {1991},
  pages = {231--245},
  langid = {english}
}

@article{Sun_et_al_2009,
  title = {Different responses of two common {Arctic} macrobenthic species (\ensuremath{<} i\ensuremath{>} {Macoma} balthica and\ensuremath{<} i\ensuremath{>} {Monoporeia} affinis) to phytoplankton and ice algae: {Will} climate change impacts be species specific?},
  volume = {376},
  shorttitle = {Different responses of two common {Arctic} macrobenthic species (\ensuremath{<} i\ensuremath{>} {Macoma} balthica and\ensuremath{<} i\ensuremath{>} {Monoporeia} affinis) to phytoplankton and ice algae},
  number = {2},
  journaltitle = {Journal of experimental marine biology and ecology},
  shortjournal = {J. {Exp}. {Mar}. {Biol}. {Ecol}.},
  author = {Sun, Ming-Yi and Clough, Lisa M. and Carroll, Michael L. and Dai, Jihong and Ambrose Jr, William G. and Lopez, Glenn R.},
  date = {2009},
  pages = {110--121},
  langid = {english}
}

@article{Piesik_et_al_2003,
  title = {Distribution and the role of {Macoma} balthica ({L}.) in the {Polish} {Baltic} {Sea} coast},
  volume = {6},
  journaltitle = {Baltic {Coastal} {Zone}. {Journal} of {Ecology} and {Protection} of the {Coastline}},
  shortjournal = {Balt. {Coast}. {Zone} {J}. {Ecol}. {Prot}. {Coastline}},
  author = {Piesik, Z. and Kempter, J. and Wnuk-Glowedel, E.},
  date = {2003},
  langid = {english},
  file = {Piesik_et_al_2003_Distribution_and_the_role_of_Macoma_balthica_(L.pdf:/home/sonya/Library/Articles/Piesik_et_al_2003_Distribution_and_the_role_of_Macoma_balthica_(L.pdf:application/pdf}
}

@article{Maximovich_Shilin_2012,
  title = {{ПРОСТРАНСТВЕННО}-{ВРЕМЕННОЕ} {РАСПРЕДЕЛЕНИЕ} {ПЛАНКТОННЫХ} {ЛИЧИНОК} {ДВУСТВОРЧАТЫХ} {МОЛЛЮСКОВ} {В} {ПОЛУИЗОЛИРОВАННЫХ} {АКВАТОРИЯХ} ({НА} {ПРИМЕРЕ} {ГУБЫ} {ЧУПА} {БЕЛОГО} {МОРЯ})},
  author = {Максимович, Н. В. and Шилин, M. Б.},
  date = {2012},
  langid = {russian},
  file = {Максимович_Шилин_2012_ПРОСТРАНСТВЕННО-ВРЕМЕННОЕ_РАСПРЕДЕЛЕНИЕ.pdf:/home/sonya/Library/Articles/Максимович_Шилин_2012_ПРОСТРАНСТВЕННО-ВРЕМЕННОЕ_РАСПРЕДЕЛЕНИЕ.pdf:application/pdf}
}

@article{Cardoso_et_al_2007,
  title = {Habitat related growth and reproductive investment in estuarine waters, illustrated for the tellinid bivalve {Macoma} balthica ({L}.) in the western {Dutch} {Wadden} {Sea}},
  volume = {152},
  number = {6},
  journaltitle = {Marine {Biology}},
  shortjournal = {Mar. {Biol}.},
  author = {Cardoso, Joana FMF and Witte, Johannes IJ and van der Veer, Henk W.},
  date = {2007},
  pages = {1271--1282},
  langid = {english},
  file = {Cardoso_et_al_2007_Habitat_related_growth_and_reproductive.pdf:/home/sonya/Library/Articles/Cardoso_et_al_2007_Habitat_related_growth_and_reproductive.pdf:application/pdf}
}

@article{Jansen_et_al_2007,
  title = {Geographic and seasonal patterns and limits on the adaptive response to temperature of {European} {Mytilus} spp. and {Macoma} balthica populations},
  volume = {154},
  number = {1},
  journaltitle = {Oecologia},
  shortjournal = {Oecologia},
  author = {Jansen, Jeroen M. and Pronker, Annelies E. and Kube, Sandra and Sokolowski, Adam and Sola, J. Carlos and Marquiegui, Mikel A. and Schiedek, Doris and Bonga, Sjoerd Wendelaar and Wolowicz, Maciej and Hummel, Herman},
  date = {2007},
  pages = {23--34},
  langid = {english},
  file = {[HTML] с сайта springer.com:/home/sonya/.mozilla/firefox/guyu6igw.default-1406452967294/zotero/storage/28I6EF8H/fulltext.html:text/html}
}

@article{Strelkov_et_al_2007,
  title = {Macoma balthica in the {White} and {Barents} {Seas}: properties of a widespread marine hybrid swarm ({Mollusca}: {Bivalvia})},
  volume = {16},
  shorttitle = {Macoma balthica in the {White} and {Barents} {Seas}},
  number = {19},
  journaltitle = {Molecular ecology},
  shortjournal = {Mol. {Ecol}.},
  author = {Strelkov, Petr and Nikula, Raisa and V\"ain\"ol\"a, RISTO},
  date = {2007},
  pages = {4110--4127},
  langid = {english}
}

@article{Nikula_et_al_2008,
  title = {A broad transition zone between an inner {Baltic} hybrid swarm and a pure {North} {Sea} subspecies of {Macoma} balthica ({Mollusca}, {Bivalvia})},
  volume = {17},
  number = {6},
  journaltitle = {Molecular {Ecology}},
  shortjournal = {Mol. {Ecol}.},
  author = {Nikula, Raisa and Strelkov, Petr and V\"ain\"ol\"a, RISTO},
  date = {2008},
  pages = {1505--1522},
  langid = {english}
}

@article{Hull_1987,
  title = {Macroalgal mats and species abundance: a field experiment},
  volume = {25},
  shorttitle = {Macroalgal mats and species abundance},
  number = {5},
  journaltitle = {Estuarine, {Coastal} and {Shelf} {Science}},
  shortjournal = {Estuar. {Coast}. {Shelf} {Sci}.},
  author = {Hull, S. C.},
  date = {1987},
  pages = {519--532},
  langid = {english}
}

@article{Lim_Green_1991,
  title = {The relationship between parasite load, crawling behaviour, and growth rate of {Macoma} balthica ({L}.)({Mollusca}, {Pelecypoda}) from {Hudson} {Bay}, {Canada}},
  volume = {69},
  number = {8},
  journaltitle = {Canadian {Journal} of {Zoology}},
  shortjournal = {Can. {J}. {Zool}.},
  author = {Lim, Shirley SL and Green, Roger H.},
  date = {1991},
  pages = {2202--2208},
  langid = {english}
}

@article{Bryant_1979,
  title = {Effects of prey density and site character on estuary usage by overwintering waders ({Charadrii})},
  volume = {9},
  number = {4},
  journaltitle = {Estuarine and {Coastal} {Marine} {Science}},
  shortjournal = {Estuar. {Coast}. {Mar}. {Sci}.},
  author = {Bryant, D. M.},
  date = {1979},
  pages = {369--384},
  langid = {english}
}

@article{Armonies_1994,
  title = {Turnover of postlarval bivalves in sediments of tidal flats in {K\"onigshafen} ({German} {Wadden} {Sea})},
  volume = {48},
  number = {2-3},
  journaltitle = {Helgol\"ander {Meeresuntersuchungen}},
  shortjournal = {Helgol\"ander {Meeresunters}.},
  author = {Armonies, W.},
  date = {1994},
  pages = {291--297},
  langid = {english}
}

@article{Shaw_et_al_1976,
  title = {\ensuremath{<} i\ensuremath{>} {Macoma} balthica: {An} indicator of oil pollution},
  volume = {7},
  shorttitle = {\ensuremath{<} i\ensuremath{>} {Macoma} balthica},
  number = {2},
  journaltitle = {Marine {Pollution} {Bulletin}},
  shortjournal = {Mar. {Pollut}. {Bull}.},
  author = {Shaw, D. G. and Paul, A. J. and Cheek, L. M. and Feder, H. M.},
  date = {1976},
  pages = {29--31},
  langid = {english}
}

@article{Henriksen_et_al_1983,
  title = {Effect of bioturbation on microbial nitrogen transformations in the sediment and fluxes of ammonium and nitrate to the overlaying water},
  journaltitle = {Ecological {Bulletins}},
  shortjournal = {Ecol. {Bull}.},
  author = {Henriksen, K. and Rasmussen, M. B. and Jensen, A.},
  date = {1983},
  pages = {193--205},
  langid = {english}
}

@article{Bonsdorff_Wenne_1989,
  title = {A comparison of condition indices of\ensuremath{<} i\ensuremath{>} {Macoma} {Balthica}({L}.) from the northern and southern baltic sea},
  volume = {23},
  number = {1},
  journaltitle = {Netherlands journal of sea research},
  shortjournal = {Neth. {J}. {Sea} {Res}.},
  author = {Bonsdorff, E. and Wenne, R.},
  date = {1989},
  pages = {45--55},
  langid = {english},
  file = {Bonsdorff_Wenne_1989_A_comparison_of_condition_indices_of_i_Macoma.pdf:/home/sonya/Library/Articles/Bonsdorff_Wenne_1989_A_comparison_of_condition_indices_of_i_Macoma.pdf:application/pdf}
}

@article{Hiddink_et_al_2002_predation_infauna,
  title = {Predation of intertidal infauna on juveniles of the bivalve\ensuremath{<} i\ensuremath{>} {Macoma}\ensuremath{<} i\ensuremath{>} balthica},
  volume = {47},
  abstract = {Juveniles of the bivalve Macoma balthica live on tidal flats in the Wadden Sea. This study examined the interaction of Macoma with the infaunal polychaetes Arenicola marina and Nereis diversicolor and the gastropod Retusa obtusa. The distribution of M. balthica spat on the flats, shortly after settlement in April, showed a positive correlation with the Arenicola distribution and a negative correlation with Nereis distribution. There were no locations where Macoma spat and Retusa occurred together. In August, Macoma spat had grown too large for predation by intertidal infauna. Small individuals of Macoma spat were found in stomachs of Arenicola (0.14 worm-1) and Nereis (0.05 worm-1). Laboratory experiments showed that Nereis and Retusa could reduce Macoma spat abundance, both in the absence and presence of sediment and alternative prey. Arenicola reduced the abundance of small Macoma (\ensuremath{<}1 mm) in sediment without, but not with, alternative prey. In field experiments, we manipulated the density of Arenicola in 0.25-1 m2 plots and of Nereis in 0.03 m2 cages and examined the effect on Macoma density several weeks later. We found a significant negative relation between densities of polychaetes and Macoma spat for both polychaete species in these experimental plots. Peculiarly, we found a significant positive relation between manipulated Nereis density and adult Macoma density in the cages; we cannot explain this. Consumption rates, calculated both from stomach contents and from field experiments, were 45 to 102 Macoma m-2 d-1 for Arenicola and 5 to 116 Macoma m-2 d-1 for Nereis. These values are higher than recorded consumption rates by epibenthic predators in the same area. Nevertheless, between-year differences in year-class strength could not be explained by differential abundance of these polychaetes. In conclusion, Arenicola and Nereis had a negative effect on the abundance of Macoma \ensuremath{<}1.5 mm, which was at least partly caused by direct consumption. Retusa obtusa can eat juvenile Macoma, but probably did not so in the study area, because there were no locations where Retusa and Macoma spat occurred together in the period that Macoma was \ensuremath{<}2 mm.},
  number = {2},
  journaltitle = {Journal of {Sea} {Research}},
  shortjournal = {J. {Sea} {Res}.},
  author = {Hiddink, J. G. and Ter Hofstede, R. and Wolff, W. J.},
  date = {2002},
  pages = {141--159},
  langid = {english},
  file = {Hiddink_et_al_2002_Predation_of_intertidal_infauna_on_juveniles_of.pdf:/home/sonya/Library/Articles/Hiddink_et_al_2002_Predation_of_intertidal_infauna_on_juveniles_of.pdf:application/pdf}
}

@article{Bostrom_Bonsdorff_2000,
  title = {Zoobenthic community establishment and habitat complexity-the importance of seagrass shoot-density, morphology and physical disturbance for faunal recruitment},
  volume = {205},
  journaltitle = {Marine {Ecology} {Progress} {Series}},
  shortjournal = {Mar. {Ecol}. {Prog}. {Ser}.},
  author = {Bostr\"om, Christoffer and Bonsdorff, Erik},
  date = {2000},
  pages = {123--138},
  langid = {english},
  file = {Bostrom_Bonsdorff_2000_Zoobenthic_community_establishment_and_habitat.pdf:/home/sonya/Library/Articles/Bostrom_Bonsdorff_2000_Zoobenthic_community_establishment_and_habitat.pdf:application/pdf}
}

@article{Zwarts_et_al_1994,
  title = {Feeding radius, burying depth and siphon size of\ensuremath{<} i\ensuremath{>} {Macoma} balthica and\ensuremath{<} i\ensuremath{>} {Scrobicularia} plana},
  volume = {183},
  number = {2},
  journaltitle = {Journal of {Experimental} {Marine} {Biology} and {Ecology}},
  shortjournal = {J. {Exp}. {Mar}. {Biol}. {Ecol}.},
  author = {Zwarts, Leo and Blomert, Anne-Marie and Spaak, Piet and de Vries, Bauke},
  date = {1994},
  pages = {193--212},
  langid = {english}
}

@article{Elmgren_et_al_1986,
  title = {Adult interference with postlarvae in soft sediments: the {Pontoporeia}-{Macoma} example},
  shorttitle = {Adult interference with postlarvae in soft sediments},
  journaltitle = {Ecology},
  shortjournal = {Ecology},
  author = {Elmgren, Ragner and Ankar, Sven and Marteleur, Birgitta and Ejdung, Gunilia},
  date = {1986},
  pages = {828--836},
  langid = {english}
}

@article{Harvey_Luoma_1984,
  title = {The role of bacterial exopolymer and suspended bacteria in the nutrition of the deposit-feeding clam, {Macoma} balthica},
  volume = {42},
  number = {4},
  journaltitle = {Journal of {Marine} {Research}},
  shortjournal = {J. {Mar}. {Res}.},
  author = {Harvey, Ronald W. and Luoma, Samuel N.},
  date = {1984},
  pages = {957--968},
  langid = {english}
}

@article{Andresen_Meer_2010,
  title = {Brown shrimp (\ensuremath{<} i\ensuremath{>} {Crangon} crangon, {L}.) functional response to density of different sized juvenile bivalves\ensuremath{<} i\ensuremath{>} {Macoma} balthica({L}.)},
  volume = {390},
  number = {1},
  journaltitle = {Journal of {Experimental} {Marine} {Biology} and {Ecology}},
  shortjournal = {J. {Exp}. {Mar}. {Biol}. {Ecol}.},
  author = {Andresen, Henrike and van der Meer, Jaap},
  date = {2010},
  pages = {31--38},
  langid = {english},
  file = {Andresen_van_der_Meer_2010_Brown_shrimp_(_i_Crangon_crangon-i,_L.pdf:/home/sonya/Library/Articles/Andresen_van_der_Meer_2010_Brown_shrimp_(_i_Crangon_crangon-i,_L.pdf:application/pdf}
}

@article{Sorlin_1988,
  title = {Floating behaviour in the tellinid bivalve {Macoma} balthica ({L}.)},
  volume = {77},
  number = {2},
  journaltitle = {Oecologia},
  shortjournal = {Oecologia},
  author = {S\"orlin, Tommy},
  date = {1988},
  pages = {273--277},
  langid = {english}
}

@article{Richards_et_al_2002,
  title = {The effects of the adult density of\ensuremath{<} i\ensuremath{>} {Macoma} balthica on the recruitment of juvenile bivalves: a field experiment},
  volume = {47},
  shorttitle = {The effects of the adult density of\ensuremath{<} i\ensuremath{>} {Macoma} balthica on the recruitment of juvenile bivalves},
  number = {1},
  journaltitle = {Journal of {Sea} {Research}},
  shortjournal = {J. {Sea} {Res}.},
  author = {Richards, M. and Edwards, F. and Huxham, M.},
  date = {2002},
  pages = {41--54},
  langid = {english}
}

@article{Blundon_Kennedy_1982,
  title = {Refuges for infaunal bivalves from blue crab,\ensuremath{<} i\ensuremath{>} {Callinectes} sapidus({Rathbun}), predation in {Chesapeake} {Bay}},
  volume = {65},
  number = {1},
  journaltitle = {Journal of {Experimental} {Marine} {Biology} and {Ecology}},
  shortjournal = {J. {Exp}. {Mar}. {Biol}. {Ecol}.},
  author = {Blundon, Jay A. and Kennedy, Victor S.},
  date = {1982},
  pages = {67--81},
  langid = {english}
}

@article{Caddy_1967,
  title = {Maturation of gametes and spawning in {Macoma} balthica ({L}.)},
  volume = {45},
  number = {6},
  journaltitle = {Canadian journal of zoology},
  shortjournal = {Can. {J}. {Zool}.},
  author = {Caddy, J. F.},
  date = {1967},
  pages = {955--965},
  langid = {english}
}

@article{Gunther_et_al_1998,
  title = {Observations of a mass occurrence of Macoma balthica larvae in midsummer},
  volume = {40},
  number = {3},
  journaltitle = {Journal of {Sea} {Research}},
  shortjournal = {J. {Sea} {Res}.},
  author = {Günther, C.-P. and Boysen-Ennen, E. and Niesel, V. and Hasemann, C. and Heuers, J. and Bittkau, A. and Fetzer, I. and Nacken, M. and Schlüter, M. and Jaklin, S.},
  date = {1998},
  pages = {347--351},
  langid = {english},
  file = {Gunther_et_al_1998_Observations_of_a_mass_occurrence_of_i_Macoma.pdf:/home/sonya/Library/Articles/Gunther_et_al_1998_Observations_of_a_mass_occurrence_of_i_Macoma.pdf:application/pdf}
}

@article{Tallqvist_et_al_2001,
  title = {Burrowing behaviour of the {Baltic} clam {Macoma} balthica: effects of sediment type, hypoxia and predator presence},
  volume = {212},
  shorttitle = {Burrowing behaviour of the {Baltic} clam {Macoma} balthica},
  journaltitle = {Marine {Ecology} {Progress} {Series}},
  shortjournal = {Mar. {Ecol}. {Prog}. {Ser}.},
  author = {Tallqvist, Minna and others},
  date = {2001},
  pages = {183--191},
  langid = {english},
  file = {Tallqvist_others_2001_Burrowing_behaviour_of_the_Baltic_clam_Macoma.pdf:/home/sonya/Library/Articles/Tallqvist_others_2001_Burrowing_behaviour_of_the_Baltic_clam_Macoma.pdf:application/pdf}
}

@article{Myren_Pella_1977,
  title = {Natural variability in distribution of an intertidal population of {Macoma} balthica subject to potential oil pollution at {Port} {Valdez}, {Alaska}},
  volume = {41},
  number = {4},
  journaltitle = {Marine {Biology}},
  shortjournal = {Mar. {Biol}.},
  author = {Myren, Richard T. and Pella, J. J.},
  date = {1977},
  pages = {371--382},
  langid = {english}
}

@article{DeGoeij_et_al_2001,
  title = {Facilitation on an intertidal mudflat: the effect of siphon nipping by flatfish on burying depth of the bivalve {Macoma} balthica},
  volume = {126},
  shorttitle = {Facilitation on an intertidal mudflat},
  number = {4},
  journaltitle = {Oecologia},
  shortjournal = {Oecologia},
  author = {De Goeij, Petra and Luttikhuizen, Pieternella C. and Van der Meer, Jaap and Piersma, Theunis},
  date = {2001},
  pages = {500--506},
  langid = {english},
  file = {De_Goeij_et_al_2001_Facilitation_on_an_intertidal_mudflat.pdf:/home/sonya/Library/Articles/De_Goeij_et_al_2001_Facilitation_on_an_intertidal_mudflat.pdf:application/pdf}
}

@article{Green_1973a,
  title = {Growth and mortality in an {Arctic} intertidal population of {Macoma} balthica ({Pelecypoda}, {Tellinidae})},
  volume = {30},
  number = {9},
  journaltitle = {Journal of the {Fisheries} {Board} of {Canada}},
  shortjournal = {J. {Fish}. {Board} {Can}.},
  author = {Green, Roger H.},
  date = {1973},
  pages = {1345--1348},
  langid = {english}
}

@article{Seitz_et_al_2003,
  title = {Effects of hypoxia on predator-prey dynamics of the blue crab {Callinectes} sapidus and the {Baltic} clam {Macoma} balthica in {Chesapeake} {Bay}},
  volume = {257},
  journaltitle = {Marine {Ecology} {Progress} {Series}},
  shortjournal = {Mar. {Ecol}. {Prog}. {Ser}.},
  author = {Seitz, Rochelle Diane and Marshall, L. S. and Hines, Anson H. and Clark, Kelton L.},
  date = {2003},
  pages = {179--188},
  langid = {english},
  file = {Seitz_et_al_2003_Effects_of_hypoxia_on_predator-prey_dynamics_of.pdf:/home/sonya/Library/Articles/Seitz_et_al_2003_Effects_of_hypoxia_on_predator-prey_dynamics_of.pdf:application/pdf}
}

@article{Huxham_Richards_2003,
  title = {Can postlarval bivalves select sediment type during settlement? {A} field test with\ensuremath{<} i\ensuremath{>} {Macoma} balthica({L}.) and\ensuremath{<} i\ensuremath{>} {Cerastoderma} edule({L}.)},
  volume = {288},
  shorttitle = {Can postlarval bivalves select sediment type during settlement?},
  number = {2},
  journaltitle = {Journal of experimental marine biology and ecology},
  shortjournal = {J. {Exp}. {Mar}. {Biol}. {Ecol}.},
  author = {Huxham, Mark and Richards, Michael},
  date = {2003},
  pages = {279--293},
  langid = {english},
  file = {Huxham_Richards_2003_Can_postlarval_bivalves_select_sediment_type.pdf:/home/sonya/Library/Articles/Huxham_Richards_2003_Can_postlarval_bivalves_select_sediment_type.pdf:application/pdf}
}

@article{Olafsson_et_al_1993,
  title = {Effects of the deposit-feeding benthic bivalve {Macoma} balthica on meiobenthos},
  volume = {93},
  number = {4},
  journaltitle = {Oecologia},
  shortjournal = {Oecologia},
  author = {Olafsson, Emil and Elmgren, Ragnar and Papakosta, Ourania},
  date = {1993},
  pages = {457--462},
  langid = {english}
}

@article{deGoeij_Littikhuizen_1998,
  title = {Deep-burying reduces growth in intertidal bivalves: field and mesocosm experiments with\ensuremath{<} i\ensuremath{>} {Macoma} balthica},
  volume = {228},
  shorttitle = {Deep-burying reduces growth in intertidal bivalves},
  number = {2},
  journaltitle = {Journal of {Experimental} {Marine} {Biology} and {Ecology}},
  shortjournal = {J. {Exp}. {Mar}. {Biol}. {Ecol}.},
  author = {de Goeij, Petra and Luttikhuizen, Pieternella},
  date = {1998},
  pages = {327--337},
  langid = {english},
  file = {de_Goeij_Luttikhuizen_1998_Deep-burying_reduces_growth_in_intertidal_bivalves.pdf:/home/sonya/Library/Articles/de_Goeij_Luttikhuizen_1998_Deep-burying_reduces_growth_in_intertidal_bivalves.pdf:application/pdf}
}

@article{Kamermans_Huitema_1994,
  title = {Shrimp (\ensuremath{<} i\ensuremath{>} {Crangon} crangon {L}.) browsing upon siphon tips inhibits feeding and growth in the bivalve\ensuremath{<} i\ensuremath{>} {Macoma} balthica({L}.)},
  volume = {175},
  number = {1},
  journaltitle = {Journal of {Experimental} {Marine} {Biology} and {Ecology}},
  shortjournal = {J. {Exp}. {Mar}. {Biol}. {Ecol}.},
  author = {Kamermans, Pauline and Huitema, Hans J.},
  date = {1994},
  pages = {59--75},
  langid = {english}
}

@article{Widdows_et_al_2000,
  title = {Temporal changes in intertidal sediment erodability: influence of biological and climatic factors},
  volume = {20},
  shorttitle = {Temporal changes in intertidal sediment erodability},
  number = {10},
  journaltitle = {Continental {Shelf} {Research}},
  shortjournal = {Cont. {Shelf} {Res}.},
  author = {Widdows, J. and Brown, S. and Brinsley, M. D. and Salkeld, P. N. and Elliott, M.},
  date = {2000},
  pages = {1275--1289},
  langid = {english}
}

@article{Azouzi_et_al_2002,
  title = {Spatial variation in the intertidal bivalve {Macoma} balthica: biotic variables in relation to density and abiotic factors},
  volume = {234},
  shorttitle = {Spatial variation in the intertidal bivalve {Macoma} balthica},
  journaltitle = {Marine {Ecology} {Progress} {Series}},
  shortjournal = {Mar. {Ecol}. {Prog}. {Ser}.},
  author = {Azouzi, Lamia and Bourget, Edwin and Borcard, Daniel},
  date = {2002},
  pages = {159--170},
  langid = {english},
  file = {Azouzi_et_al_2002_Spatial_variation_in_the_intertidal_bivalve.pdf:/home/sonya/Library/Articles/Azouzi_et_al_2002_Spatial_variation_in_the_intertidal_bivalve.pdf:application/pdf}
}

@article{Kamermans_et_al_1992,
  title = {Competition in deposit-and suspension-feeding bivalves: experiments in controlled outdoor environments},
  volume = {162},
  shorttitle = {Competition in deposit-and suspension-feeding bivalves},
  number = {1},
  journaltitle = {Journal of {Experimental} {Marine} {Biology} and {Ecology}},
  shortjournal = {J. {Exp}. {Mar}. {Biol}. {Ecol}.},
  author = {Kamermans, Pauline and van der Veer, Henk W. and Karczmarski, Leszek and Doeglas, Gijs W.},
  date = {1992},
  pages = {113--135},
  langid = {english}
}

@article{Green_et_al_1983,
  title = {An arctic intertidal population of {Macoma} balthica ({Mollusca}, {Pelecypoda}): genotypic and phenotypic components of population structure},
  volume = {40},
  shorttitle = {An arctic intertidal population of {Macoma} balthica ({Mollusca}, {Pelecypoda})},
  number = {9},
  journaltitle = {Canadian {Journal} of {Fisheries} and {Aquatic} {Sciences}},
  shortjournal = {Can. {J}. {Fish}. {Aquat}. {Sci}.},
  author = {Green, Roger H. and Singh, Shiva M. and Hicks, Beverly and McCuaig, Janet M.},
  date = {1983},
  pages = {1360--1371},
  langid = {english}
}

@article{Vincent_et_al_1994,
  title = {Spatial variation in growth of the bivalve\ensuremath{<} i\ensuremath{>} {Macoma} balthica({L}.) on a tidal flat: effects of environmental factors and intraspecific competition},
  volume = {181},
  shorttitle = {Spatial variation in growth of the bivalve\ensuremath{<} i\ensuremath{>} {Macoma} balthica({L}.) on a tidal flat},
  number = {2},
  journaltitle = {Journal of experimental marine biology and ecology},
  shortjournal = {J. {Exp}. {Mar}. {Biol}. {Ecol}.},
  author = {Vincent, Bruno and Joly, Danielle and Harvey, Michel},
  date = {1994},
  pages = {223--238},
  langid = {english}
}

@inbook{Bachelet_1987,
  title = {Recruitment and year-to-year variability in a population of {Macoma} balthica ({L}.)},
  booktitle = {Long-{Term} {Changes} in {Coastal} {Benthic} {Communities}},
  publisher = {Springer},
  author = {Bachelet, Guy},
  date = {1987},
  pages = {233--248},
  langid = {english},
  file = {Bachelet_1987_Recruitment_and_year-to-year_variability_in_a.pdf:/home/sonya/Library/Articles/Bachelet_1987_Recruitment_and_year-to-year_variability_in_a.pdf:application/pdf}
}

@article{Commito_1982,
  title = {Effects of {Lunatia} heros predation on the population dynamics of {Mya} arenaria and {Macoma} balthica in {Maine}, {USA}},
  volume = {69},
  number = {2},
  journaltitle = {Marine {Biology}},
  shortjournal = {Mar. {Biol}.},
  author = {Commito, John A.},
  date = {1982},
  pages = {187--193},
  langid = {english}
}

@article{Bouma_et_al_2001,
  title = {Spatial pattern of early recruitment of\ensuremath{<} i\ensuremath{>} {Macoma} balthica({L}.) and\ensuremath{<} i\ensuremath{>} {Cerastoderma} edule({L}.) in relation to sediment dynamics on a highly dynamic intertidal sandflat},
  volume = {45},
  number = {2},
  journaltitle = {Journal of {Sea} {Research}},
  shortjournal = {J. {Sea} {Res}.},
  author = {Bouma, H. and Duiker, J. M. C. and De Vries, P. P. and Herman, P. M. J. and Wolff, W. J.},
  date = {2001},
  pages = {79--93},
  langid = {english},
  file = {Bouma_et_al_2001_Spatial_pattern_of_early_recruitment_of_i.pdf:/home/sonya/Library/Articles/Bouma_et_al_2001_Spatial_pattern_of_early_recruitment_of_i.pdf:application/pdf}
}

@article{Reading_McGrorty_1978,
  title = {Seasonal variations in the burying depth of\ensuremath{<} i\ensuremath{>} {Macoma} balthica({L}.) and its accessibility to wading birds},
  volume = {6},
  number = {2},
  journaltitle = {Estuarine and {Coastal} {Marine} {Science}},
  shortjournal = {Estuar. {Coast}. {Mar}. {Sci}.},
  author = {Reading, C. J. and McGrorty, S.},
  date = {1978},
  pages = {135--144},
  langid = {english}
}

@article{Harvey_Vincent_1990,
  title = {Density, size distribution, energy allocation and seasonal variations in shell and soft tissue growth at two tidal levels of a\ensuremath{<} i\ensuremath{>} {Macoma} balthica({L}.) population},
  volume = {142},
  number = {3},
  journaltitle = {Journal of experimental marine biology and ecology},
  shortjournal = {J. {Exp}. {Mar}. {Biol}. {Ecol}.},
  author = {Harvey, Michel and Vincent, Bruno},
  date = {1990},
  pages = {151--168},
  langid = {english}
}

@article{Borsuk_et_al_2002,
  title = {A survival model of the effects of bottom-water hypoxia on the population density of an estuarine clam ({Macoma} balthica)},
  volume = {59},
  number = {8},
  journaltitle = {Canadian {Journal} of {Fisheries} and {Aquatic} {Sciences}},
  shortjournal = {Can. {J}. {Fish}. {Aquat}. {Sci}.},
  author = {Borsuk, Mark E. and Powers, Sean P. and Peterson, Charles H.},
  date = {2002},
  pages = {1266--1274},
  langid = {english}
}

@article{Honkoop_et_al_1998,
  title = {Does temperature-influenced egg production predict the recruitment in the bivalve {Macoma} balthica?},
  volume = {164},
  journaltitle = {Marine {Ecology} {Progress} {Series}},
  shortjournal = {Mar. {Ecol}. {Prog}. {Ser}.},
  author = {Honkoop, P. J. C. and Van der Meer, J. and Beukema, J. J. and Kwast, D.},
  date = {1998},
  pages = {229--235},
  langid = {english}
}

@article{Hiddink_Wolf_2002,
  title = {Changes in distribution and decrease in numbers during migration of the bivalve {Macoma} balthica},
  volume = {233},
  journaltitle = {Marine {Ecology} {Progress} {Series}},
  shortjournal = {Mar. {Ecol}. {Prog}. {Ser}.},
  author = {Hiddink, J. G. and Wolff, W. J.},
  date = {2002},
  pages = {117--130},
  file = {Hiddink_Wolff_2002_Changes_in_distribution_and_decrease_in_numbers.pdf:/home/sonya/Library/Articles/Hiddink_Wolff_2002_Changes_in_distribution_and_decrease_in_numbers.pdf:application/pdf}
}

@article{Chambers_Milne_1975,
  title = {The production of\ensuremath{<} i\ensuremath{>} {Macoma} balthica({L}.) in the {Ythan} {Estuary}},
  volume = {3},
  number = {4},
  journaltitle = {Estuarine and {Coastal} {Marine} {Science}},
  shortjournal = {Estuar. {Coast}. {Mar}. {Sci}.},
  author = {Chambers, M. R. and Milne, H.},
  date = {1975},
  pages = {443--455},
  langid = {english}
}

@article{Beukema_et_al_2009,
  title = {Some like it cold: populations of the tellinid bivalve {Macoma} balthica ({L}.) suffer in various ways from a warming climate},
  volume = {384},
  shorttitle = {Some like it cold},
  journaltitle = {Mar. {Ecol}. {Prog}. {Ser}},
  shortjournal = {Mar {Ecol} {Prog} {Ser}},
  author = {Beukema, J. J. and Dekker, R. and Jansen, J. M.},
  date = {2009},
  pages = {135--145},
  langid = {english},
  file = {Beukema_et_al_2009_Some_like_it_cold.pdf:/home/sonya/Library/Articles/Beukema_et_al_2009_Some_like_it_cold.pdf:application/pdf}
}

@article{Olafsson_1986,
  title = {Density dependence in suspension-feeding and deposit-feeding populations of the bivalve {Macoma} balthica: a field experiment},
  shorttitle = {Density dependence in suspension-feeding and deposit-feeding populations of the bivalve {Macoma} balthica},
  journaltitle = {The {Journal} of {Animal} {Ecology}},
  shortjournal = {J. {Anim}. {Ecol}.},
  author = {Olafsson, E. B.},
  date = {1986},
  pages = {517--526},
  langid = {english}
}

@article{Bonsdorff_et_al_1995,
  title = {Recruitment and population maintenance of the bivalve {Macoma} balthica ({L}.)—factors affecting settling success and early survival on shallow sandy bottoms},
  journaltitle = {Biology and ecology of shallow coastal waters. {Olsen} \& {Olsen}, {Fredensborg}},
  shortjournal = {Biol. {Ecol}. {Shallow} {Coast}. {Waters} {Olsen} {Olsen} {Fredensborg}},
  author = {Bonsdorff, Erik and Norkko, Alf and Bostr\"om, C.},
  date = {1995},
  pages = {253--260},
  langid = {english}
}

@article{Philippart_et_al_2003,
  title = {Climate-related changes in recruitment of the bivalve {Macoma} balthica},
  volume = {48},
  number = {6},
  journaltitle = {Limnology and {Oceanography}},
  shortjournal = {Limnol. {Oceanogr}.},
  author = {Philippart, Catharina JM and van Aken, Hendrik M. and Beukema, Jan J. and Bos, Oscar G. and Cadée, Gerhard C. and Dekker, Rob},
  date = {2003},
  pages = {2171--2185},
  langid = {english},
  file = {Philippart_et_al_2003_Climate-related_changes_in_recruitment_of_the.pdf:/home/sonya/Library/Articles/Philippart_et_al_2003_Climate-related_changes_in_recruitment_of_the.pdf:application/pdf}
}

@article{Peterson_Skilleter_1994,
  title = {Control of foraging behavior of individuals within an ecosystem context: the clam {Macoma} balthica, flow environment, and siphon-cropping fishes},
  volume = {100},
  shorttitle = {Control of foraging behavior of individuals within an ecosystem context},
  number = {3},
  journaltitle = {Oecologia},
  shortjournal = {Oecologia},
  author = {Peterson, Charles H. and Skilleter, Gregory A.},
  date = {1994},
  pages = {256--267},
  langid = {english}
}

@article{Lin_Hines_1994,
  title = {Effects of suspended food availability on the feeding mode and burial depth of the {Baltic} clam, {Macoma} balthica},
  journaltitle = {Oikos},
  shortjournal = {Oikos},
  author = {Lin, Junda and Hines, Anson H.},
  date = {1994},
  pages = {28--36},
  langid = {english}
}

@article{Giinther_1991,
  title = {Settlement of {Macoma} balthica on an intertidal sandflat in the {Wadden} {Sea}},
  volume = {76},
  journaltitle = {Mar. {Ecol}. {Prog}. {Ser}},
  shortjournal = {Mar {Ecol} {Prog} {Ser}},
  author = {Giinther, Carmen-Pia},
  date = {1991},
  pages = {73--79},
  langid = {english},
  file = {Giinther_1991_Settlement_of_Macoma_balthica_on_an_intertidal.pdf:/home/sonya/Library/Articles/Giinther_1991_Settlement_of_Macoma_balthica_on_an_intertidal.pdf:application/pdf}
}

@article{Genelt-Yanovskiy_et_al_2010,
  title = {Population structure and growth rates at biogeographic extremes: {A} case study of the common cockle,\ensuremath{<} i\ensuremath{>} {Cerastoderma} edule({L}.) in the {Barents} {Sea}},
  volume = {61},
  shorttitle = {Population structure and growth rates at biogeographic extremes},
  number = {4},
  journaltitle = {Marine pollution bulletin},
  shortjournal = {Mar. {Pollut}. {Bull}.},
  author = {Genelt-Yanovskiy, Evgeny and Poloskin, Alexey and Granovitch, Andrei and Nazarova, Sophia and Strelkov, Petr},
  date = {2010},
  pages = {247--253},
  langid = {english},
  file = {Genelt-Yanovskiy_et_al_2010_Population_structure_and_growth_rates_at.pdf:/home/sonya/Library/Articles/Genelt-Yanovskiy_et_al_2010_Population_structure_and_growth_rates_at.pdf:application/pdf}
}

@article{Aller_1985,
  title = {Effects of the marine deposit-feeders {Heteromastus} filiformis ({Polychaeta}), {Macoma} balthica ({Bivalvia}), and {Tellina} texana ({Bivalvia}) on averaged sedimentary solute transport, reaction rates, and microbial distributions},
  volume = {43},
  number = {3},
  journaltitle = {Journal of {Marine} {Research}},
  shortjournal = {J. {Mar}. {Res}.},
  author = {Aller, Robert C. and Yingst, Josephine Y.},
  date = {1985},
  pages = {615--645},
  langid = {english}
}

@inproceedings{Newell_1965,
  title = {The role of detritus in the nutrition of two marine deposit feeders, the prosobranch {Hydrobia} ulvae and the bivalve {Macoma} balthica},
  volume = {144},
  booktitle = {Proceedings of the {Zoological} {Society} of {London}},
  publisher = {Wiley {Online} {Library}},
  author = {NEWELL, RICHARD},
  date = {1965},
  pages = {25--45},
  langid = {english}
}

@article{Gerasimova_et_al_2010,
  title = {О {ЗАКОНОМЕРНОСТЯХ} {ОРГАНИЗАЦИИ} {ДОННЫХ} {СООБЩЕСТВ} {МЯГКИХ} {ГРУНТОВ} {В} {ЛИТОРАЛЬНОЙ} {И} {СУБЛИТОРАЛЬНОЙ} {ЗОНЕ} {БЕЛОГО} {МОРЯ} ({КЕРЕТСКИЙ} {АРХИПЕЛАГ})},
  url = {http://www.zin.ru/kartesh/articles/Conference\%20thesis.pdf\#page=33},
  journaltitle = {{ИЗУЧЕНИЯ}, {РАЦИОНАЛЬНОГО} {ИСПОЛЬЗОВАНИЯ} {И} {ОХРАНЫ} {ПРИРОДНЫХ} {РЕСУРСОВ} {БЕЛОГО} {МОРЯ}},
  shortjournal = {{ИЗУЧЕНИЯ} {РАЦИОНАЛЬНОГО} {ИСПОЛЬЗОВАНИЯ} {И} {ОХРАНЫ} {ПРИРОДНЫХ} {РЕСУРСОВ} {БЕЛОГО} {МОРЯ}},
  author = {Герасимова, А. В. and Максимович, Н. В. and Кузнецова, Е. К. and Мартынов, Ф. М. and Касаткина, Л. С. and Медведчук, А. П.},
  urldate = {2014-12-13},
  date = {2010},
  pages = {33},
  langid = {russian},
  file = {Герасимова_et_al_2010_О_ЗАКОНОМЕРНОСТЯХ_ОРГАНИЗАЦИИ_ДОННЫХ_СООБЩЕСТВ.pdf:/home/sonya/Library/Articles/Герасимова_et_al_2010_О_ЗАКОНОМЕРНОСТЯХ_ОРГАНИЗАЦИИ_ДОННЫХ_СООБЩЕСТВ.pdf:application/pdf}
}


