% This file was created with JabRef 2.6.
% Encoding: UTF-8

@ARTICLE{Allen_1954,
  author = {J. F. Allen},
  title = {The influence of bottom sediments on the distribution of five species
	of bivalves in the Little Annemessex River, Chesapeake Bay.},
  journal = {Nautilus},
  year = {1954},
  volume = {68},
  pages = {56-65},
  note = {ЗИН: ИП 673 только микрофильм статьи},
  __markedentry = {[sonya]},
  owner = {sonya},
  timestamp = {2010.05.13}
}

@ARTICLE{Bachelet_1980,
  author = {G. Bachelet},
  title = {Growth and recruitment of the tellenid bivalve Macoma balthica at
	the southern limit of its geograpfical distribution, the Gironde
	estuary (SW France)},
  journal = {Marine biology},
  year = {1980},
  volume = {59},
  pages = {105-117},
  __markedentry = {[sonya]},
  owner = {sonya},
  timestamp = {2011.04.23}
}

@ARTICLE{Bergh_1974,
  author = {G. Bergh},
  title = {Production of Macoma balthica (L.) (Lamellibranchiata) and notes
	on other ecologically important animals in Tvaren Bay in the Baltic},
  journal = {Zoon},
  year = {1974},
  volume = {2},
  pages = {143-152},
  note = {ЗИН: ИП 2893, П19438, ЗИН, В70},
  __markedentry = {[sonya]},
  owner = {sonya},
  timestamp = {2011.04.23}
}

@ARTICLE{Beukema_et_al_2009,
  author = {J. Beukema and and R. Dekker and J. M. Jansen},
  title = {Some like it cold: populations of the tellinid bivalve Macoma balthica
	(L.) suffer in various ways from a warming climate},
  journal = {Marine Ecology Progress Series},
  year = {2009},
  volume = {384},
  pages = {135 -- 145},
  abstract = {Because of its relatively low tolerance to elevated temperatures,
	Macoma balthica (L.) may be one of the first important marine species
	in temperate coastal areas to suffer from a warming climate. For
	the last few decades, the abundance of the species in the Dutch Wadden
	Sea has been seriously declining. At lower latitudes, the southern
	edge of its range recently shifted several 100s of km to the north.
	To understand changes in abundance related to high temperatures,
	we studied short-term population responses to warmer than average
	seasons using data from a long-term (> 35 yr) sampling program in
	the western Wadden Sea. The observed relationships included reduction
	of reproductive output and recruitment in years starting with mild
	winter–spring periods, reduction of adult survival in years with
	warm summers, reduction of annual migration in ~8 mo olds to more
	favourable areas in mild winters, reduction of growth rates in warmer
	than average growing seasons, and enhancement of seasonal weight
	loss in milder than average winters. We conclude that elevated temperatures
	negatively affect population dynamics of M. balthica in a number
	of ways, i.e. via recruitment or mortality as well as growth. These
	negative influences were observed already far below the upper lethal
	temperature of the species and in populations living ~1000 km poleward
	of the warm edge of the species’ range. The outcome of M. balthica’s
	energy balance appears to be decisive for their continued existence
	by effects not only on individual weights but also on mortality as
	well as reproduction.},
  keywords = {Wadden Sea, Macoma balthica, динамика dynamic, изменение климата climat
	change, изменения массы weight changes, температура воды water temperature,
	температура temperature, смертность mortality, миграции migration,
	пополнение поселений recruitment},
  owner = {sonya},
  timestamp = {2011.07.19}
}

@ARTICLE{Beukema_Desprez_1986,
  author = {J. Beukema and M. Desprez},
  title = {Single and dual annual growing seasons in the tellinid bivalve Macoma
	balthica (L.)},
  journal = {Journal of Experimental Marine Biology and Ecology},
  year = {1986},
  volume = {102},
  pages = {35-45},
  number = {1},
  note = {ЗИН: ИП 2629},
  abstract = {Seasonal patterns of changes in length and weight during their second
	year of life were studied in two intertidal populations of the tellinid
	bivalve Macoma balthica (L.), viz. in The Netherlands (Wadden Sea)
	and in France (Seine estuary). The Wadden Sea population showed a
	single and short annual period of growth in spring (March through
	June), followed by a long annual period of nearly stagnant length
	growth and loss of weight of the soft parts. The Seine population
	started to grow earlier in the year (February), likewise retarded
	growth in summer, but restarted in autumn, thus showing a dual annual
	growing season with periods of rapid gain of length and weight both
	during spring and in October.
	
	The timing and the presence and absence of a second annual growing
	season are discussed in relation to temperature and feeding conditions
	in the various habitats.},
  doi = {10.1016/0022-0981(86)90124-3},
  keywords = {сезон роста annual growing season, температура temperature, Macoma
	balthica, пищевые условия feeding conditions},
  owner = {sonya},
  timestamp = {2010.04.21}
}

@ARTICLE{Beukema_et_al_1985,
  author = {J. Beukema and E. Knol and G. Cadée},
  title = {Effects of temperature on the length of the annual growing season
	in the tellinid bivalve Macoma balthica (L.) living on tidal flats
	in the Dutch Wadden Sea},
  journal = {Journal of Experimental Marine Biology and Ecology},
  year = {1985},
  volume = {90},
  pages = {129-144},
  number = {2},
  note = {ЗИН: ИП 2969},
  abstract = {Frequent inspection of the shell margins during a 15-yr study of tidal
	flat populations of Macoma balthica (L.) in the western part of the
	Wadden Sea revealed that the annual growing season starts earlier
	(viz. early March compared with late March) if preceding winter temperatures
	were higher. The reversal of weight gain to weight loss used as an
	indicator of the end of the growing season occurs earlier in July
	if early-summer temperatures are higher. Thus, growth is restricted
	to the range of water temperatures between 4 and 16°C in spring.
	No growth was observed during the autumn at the same temperatures.
	Although low and high temperatures appear to delimit the annual spring
	growing season, total annual growth is not related to the length
	of the growing season nor to temperatures prevailing during this
	period. Feeding conditions appear to prevent growth in autumn and
	determine the highly variable growth rates within the temperature-set
	growing period in spring.},
  doi = {10.1016/0022-0981(85)90115-7},
  keywords = {Macoma balthica, температура temperature, сезон роста annual growing
	season, Dutch Wadden Sea},
  owner = {sonya},
  timestamp = {2010.04.21}
}

@INPROCEEDINGS{Bonsdorff_1983,
  author = {E. Bonsdorff},
  title = {Recovery potential of macrozoobenthos from dredging in shallow brackish
	waters},
  booktitle = {Oceanol. Acta, No. Sp: (Proc. 17th Eur. Symp. Mar. Biol.)},
  year = {1983},
  pages = {27-32},
  note = {ЗИН: нет номера},
  __markedentry = {[sonya]},
  owner = {sonya},
  timestamp = {2010.05.14}
}

@ARTICLE{Briggs2011,
  author = {Briggs, John},
  title = {Marine extinctions and conservation},
  journal = {Marine Biology},
  year = {2011},
  volume = {158},
  pages = {485-488},
  note = {10.1007/s00227-010-1596-0},
  abstract = {In contrast to the large number of terrestrial extinctions that have
	taken place over the past 12,000 years, there have apparently been
	very few marine extinctions. But these small losses should not be
	reason for complacency. During the past 50 years, government supported,
	commercial fishing has resulted in the collapse of about a thousand
	populations that once supplied most of the world’s seafood. For the
	collapsed species, now existing as small remnants of their former
	population sizes, the future is bleak. They suffer from loss of genetic
	diversity, inbreeding depression, and depensation. Because marine
	species were eliminated by historic climatic changes, continued global
	warming is likely to result in the extinction of small populations
	that already have a precarious existence. They may be considered
	evidence of an extinction debt that must be paid as the climate change
	becomes more severe. For some of the remnant species, extinction
	can be avoided if there is a rapid management conversion to the use
	of more marine protected areas (MPAs) and extensive ocean zoning
	where fishing is prohibited.},
  affiliation = {Department of Fisheries and Wildlife, Oregon State University, Corvallis,
	OR USA},
  issn = {0025-3162},
  issue = {3},
  keyword = {Biomedical and Life Sciences},
  publisher = {Springer Berlin / Heidelberg},
  url = {http://dx.doi.org/10.1007/s00227-010-1596-0}
}

@ARTICLE{Commito_1982,
  author = {J. A.. Commito},
  title = {Effects of Lunatia heros predation on the population dynamics ofMya
	arenaria and Macoma balthica in Maine, USA.},
  journal = {Marine biology},
  year = {1982},
  volume = {69},
  pages = {187-193},
  number = {2},
  note = {ЗИН: ИП 2545},
  __markedentry = {[sonya]},
  abstract = {The interaction between the naticid snail predator Lunatia heros and
	2 interoparous, infaunal intertidal bivalves was investigated in
	Lubec,, Maine, USA. The Mya arenaria population consists primarily
	of young,small individuals. M.arenaria survivorship is low when young(3.5%yr^-1
	for the first 5 yr), then increases. M.arenaria can attain a length
	of 60 mm, but it is suspectible to L.heros attack only until it is
	30 mm long (3.8yr) and diverts its resources instead into rapid early
	growth (4.9mm yr^-1 for the first 5 yr). The Macoma balthica population
	has a larger proportion of older individuals then does that of M.arenaria.
	Surviorship is higher for M.balthica than for M.arenaria (76,3% yr^-1
	for the first 5 yr).Unlike M.arenaria, M.balthica attains a final
	length of only 25 mm and all sizes are suspectible to L.heros attack.
	M.balthica grows slowly (2.7 mm yr^-1 for the first 5 yr) and diverts
	its resources into earlier reproduction at a length of 10 mm (2.9
	yr). These contrasting life-history patterns and the possible relationship
	between bivalve resources allocation and refuges from predation are
	discussed.},
  owner = {sonya},
  timestamp = {2010.05.13}
}

@ARTICLE{Drent_2002,
  author = {J. Drent},
  title = {Temperature responses in larvae of Macoma balthica from a northerly
	and southerly population of the European distribution range},
  journal = {Journal of Experimental Marine Biology and Ecology},
  year = {2002},
  volume = {275},
  pages = {117-129},
  abstract = {Planktonic marine invertebrate embryos and larvae experience high
	mortality rates. Processes during these early vulnerable stages of
	development are an important determinant of the dynamics of marine
	invertebrate populations. In order to evaluate possible specific
	local adaptations of the bivalve Macoma balthica (L.), larvae from
	parents living in Norway (Balsfjord) and France (Gironde Estuary)
	were reared in the laboratory at 10, 15 and 20оС. The rate of growth
	and the time it took to develop a foot were measured. Larvae grew
	faster and developed quicker at higher temperatures. This was true
	for both origins tested. Within temperature treatments, the French
	larvae always developed and grew fastest. Size at metamorphosis (defined
	as the appearance of the foot) was 250 mkm (SD = 12.7) in five out
	of the six cases; the only exception was Norwegian larvae kept at
	the highest temperature that metamorphosed at a smaller size (229
	mkm, SD = 6.4). Size at metamorphosis thus appears to be largely
	independent of temperature. In both populations, instantaneous survival
	rates declined with temperature with no effect of origin. Instantaneous
	survival declined faster with temperature than development rates
	increased, resulting in lower net survival of larvae to metamorphosis
	at the higher temperatures. Although the French larvae had a shorter
	development time at the same temperature than the Norwegian larvae,
	the total survival of larvae from the two origins was not significantly
	different. The larvae of M. balthica of both populations prove to
	be tolerant to considerably higher rearing temperatures than they
	will ever experience in their natural habitat.},
  file = {:/home/sonya/Documents/from_maximovitch/Drent_2002.pdf:PDF},
  keywords = {Balsfjord (Норвегия), Gironde Estuary (Франция), Macoma balthica,
	время развития, выживаемость, личинки, метаморфоз, норма реакции,
	пластичность развития},
  owner = {sonya},
  timestamp = {2010.03.15}
}

@ARTICLE{Edjung_et_al_2000,
  author = {G. Edjung and L. Byren and R. Elmgren},
  title = {Benthic predator–prey interactions: evidence that adult Monoporeia
	affinis (Amphipoda) eat postlarval Macoma balthica (Bivalvia)},
  journal = {Journal of Experimental Marine Biology and Ecology},
  year = {2000},
  volume = {253},
  pages = {243-251},
  abstract = {Predation by adults of the amphipod Monoporeia affinis on the plantigrade
	postlarval stage of the bivalve Macoma balthica was studied in the
	laboratory. We confirmed that M. affinis consumes small M. balthica.
	Amphipods offered 14 C-labelled postlarvae took up the radioactive
	tracer, while those presented Rhodamine B-stained postlarvae acquired
	gut contents fluorescing strongly in orange, whereas control amphipods
	did not. Both labelling methods proved convenient to use in laboratory
	experiments, and are particularly useful when organisms lack structures
	that can be easily identified after being ingested, or when cross-over
	reactions may bias the results of immunoassays. The results reported
	here support the conclusion from earlier studies that predation by
	M. affinis on M. balthica can affect population dynamics of M. balthica
	and is likely to be an important structuring factor in the low-diversity
	benthic macrofauna community of the Baltic Sea.},
  file = {:/home/sonya/Documents/from_maximovitch/Ejdung_et_al_2000.pdf:PDF},
  keywords = {Macoma balthica, хищничество, Amphipoda, пост-ларвальные ракушки,
	отношения хищник-жертва, Балтийское море, Monoporeia affinis},
  owner = {sonya},
  timestamp = {2010.03.15}
}

@ARTICLE{Edjung_Emgren_2001,
  author = {G. Edjung and R. Elmgren},
  title = {Predation by the benthic isopod Saduria entomon on two Baltic Sea
	deposit-feeders, the amphipod Monoporeia affinis and the bivalve
	Macoma balthica},
  journal = {Journal of Experimental Marine Biology and Ecology},
  year = {2001},
  volume = {266},
  pages = {165-179},
  abstract = {This laboratory study demonstrates that Saduria entomon prefers the
	amphipod Monoporeia affinis over the bivalve Macoma balthica. When
	offered bivalves only, S. entomon selects the smaller individuals.
	Predation by S. entomon may thus alter the species composition and
	size distributions of its prey community, which in the field is often
	dominated by these two species.
	
	 When offered one M. balthica size class at a time, 30-mm-long isopods
	ate only bivalves of the 2–3 and 6–7 mm size classes and rejected
	classes 10–11 and 15–16 mm, even though they can open them. More
	bivalves were eaten in the 2–3 mm size class than in the 6–7 mm class,
	but energy yield was slightly higher from the 6–7 mm class. When
	10- to 45-mm-long S. entomon were offered a range (1–22 mm). of bivalve
	sizes, they consistently selected small prey. The length of the largest
	bivalve eaten increased with predator size, without the smallest
	bivalves being excluded from the diet. Energy consumed increased
	with increasing predator size. The size-selective predation in our
	experiment results in preferential survival of larger prey.
	
	 When given a choice between ; 5-mm-long M. balthica and ; 7-mm-long
	M. affinis in ratios of 0:40, 10:30, 20:20, 30:10 and 40:0 (total
	density of 3600 /m2, S. entomon clearly preferred the amphipod (preference
	constant 69), and ate very few bivalves. In the treatment with 30
	bivalves and 10 amphipods, bivalves were not as strongly selected
	against as in other two-prey treatments. In a 28-day prey depletion
	experiment with an initial 1:1 prey ratio, almost all amphipods were
	consumed in the first week, after which bivalves started to be eaten.},
  file = {:/home/sonya/Documents/from_maximovitch/Ejdung_Elmgren_2001.pdf:PDF},
  keywords = {Amphipoda, Bivalvia, Isopoda, Macoma balthica, Monoporeia affinis,
	Saduria entomon, Балтийское море, фуражировка, кормодобывание, размеры
	добычи, пищевые предпочтения, макробенос},
  owner = {sonya},
  timestamp = {2010.03.11}
}

@ARTICLE{Geest_et_al2011,
  author = {Matthijs van der Geest and Jan A. van Gils and Jaap van der Meer
	and Han Olff and Theunis Piersma},
  title = {Suitability of calcein as an in situ growth marker in burrowing bivalves},
  journal = {Journal of Experimental Marine Biology and Ecology},
  year = {2011},
  volume = {399},
  pages = {1 -- 7},
  abstract = {The fluorochrome calcein has been used in numerous growth studies
	of molluscs to internally mark calcified structures. Because of interspecific
	variations in marking success and possible effects on growth performance,
	methodological assessments of the suitability of calcein as a growth
	marker, especially in field contexts, necessary. Here we report on
	the effects of different calcein concentrations (100, 200, 400 and
	800 mg l−1) on fluorescent mark deposition, growth rate, density,
	body condition and size–frequency distribution of an intertidal infaunal
	bivalve species, Loripes lacteus (Linnaeus, 1758), using an outdoor
	immersion technique. To avoid stress caused by handling and transportation,
	in situ enclosures were placed at seagrass-covered patches during
	low tide, to which calcein solutions were added. After a 1.3- to
	2.6-h period of exposure to calcein, the enclosures were removed.
	Sites were sampled three months later. All calcein concentrations
	produced live L. lacteus with a clear fluorescent shell mark, but
	the percentage successfully marked tended to increase with higher
	calcein concentrations. Furthermore, marking success and growth rate
	decreased significantly with shell size (i.e., age). Calcein concentration
	did not measurably affect shell growth rate, body condition and size–frequency
	distribution, but the numerical densities were lower for sites treated
	with calcein concentrations ≥ 400 mg l−1. Our results suggest that
	in situ calcein-marking of burrowing lucinid bivalves with low concentrations
	(100–200 mg l−1) is a non-invasive and rapid method to determine
	growth rate, provided that the lucinids are not too old.
	
	
	Флюорисцирующий кальций был использован в исследованиях по измерению
	роста моллюсков для internally маркировки кальциевых структур. В
	связи с внутривидовым варьированием в успешности маркирования и возможного
	эффека на ростовой perfomance, методологический assessments устойчивости
	кальция как растового маркека, особенно в контексте полевых исследований,
	necessary. Здесь мы покзываем эффекты различных концентраций кальция
	(100, 200, 400 and 800 mg l−1) на откладывание флуорисцентной метки,
	скорость роста, численность, body condition и частотное распределение
	литорального инфаунного вида Bivalvia, Loripes lacteus (Linnaeus,
	1758), using an outdoor immersion technique.},
  doi = {10.1016/j.jembe.2011.01.003},
  keywords = {Lucinidae, Mark-and-recapture, взморник Seagrass, Zostera, дневная
	скорость роста Daily Growth rate, рост growth,, флуорисцентные метки
	in situ fluorescent marking, литоральная илистая отмель intertidal
	mudflat, литораль intertidal zone},
  owner = {sonya},
  timestamp = {2011.03.19}
}

@ARTICLE{Genelt-Yanovskiy_et_al_2010,
  author = {Eugene Genelt-Yanovskiy and Alexey Poloskin and Andrei Granovitch
	and Sophia Nazarova and Petr Strelkov},
  title = {Population structure and growth rates at biogeographic extrems: A
	case study of the common cockle, Cerastoderma edule (L.) in the Barentc
	Sea},
  journal = {Marine Pollution Bulletin},
  year = {2010},
  volume = {61},
  pages = {247-253},
  abstract = {A descriptive study of population structure, growth rates and shell
	morphometry was conducted on nine intertidal populations of the infaunal
	bivalve Cerastoderma edule in the Murmansk coast of the Barents Sea.
	Year-to-year population dynamics was analyzed during 2002–2006 on
	a tidal flat Dalniy Plaj (eastern Barents Sea Murmansk coast). The
	region constitutes the northern extremes of C. edule range where
	populations occupied the middle to low intertidal zone and were characterized
	by low densities. The distribution of age groups and unstable age
	structure across years in the cockle populations suggest irregular
	recruitment. Growth rates and shell morphometry showed little variation
	across the populations studied, and there were no gradient changes
	from the west to the east parts of Murmansk coast.},
  doi = {10.1016/j.marpolbul.2010.02.021},
  keywords = {Cerastoderma edule, Баренцево море Barents Sea, рост growth, структура
	популяции population structure, мои статьи my articles},
  owner = {sonya},
  timestamp = {2010.05.25}
}

@CONFERENCE{Genelt_cerastoderma_2008,
  author = {Eugeny Genelt-Yanovsky and Andrey Granowitch and Sophia Nazarova
	and Petr Strelkov},
  title = {Population structure and growth rates of the common cockle, Cerastoderma
	edule L. at the north-eastern distribution border (The Barents Sea)},
  booktitle = {Abstracts of the postgraduate workshop of the Marine Biological Association
	of the United Kingdom (31 March-2 April 2008, Aberystwyth University,
	Wales, UK)},
  year = {2008},
  keywords = {my publications, Cerastoderma edule, Баренцево море Barents Sea},
  owner = {sonya},
  timestamp = {2011.07.14}
}

@ARTICLE{Genelt_2010,
  author = {Eugeny Genelt-Yanovsky and Alexey Poloskin and Andrey Granowitch
	and Sophia Nazarova and Petr Strelkov},
  title = {Population structure and growth rates at biogeographic extremes:
	A case study of the common cockle, Cerastoderma edule (L.) in the
	Barents Sea},
  journal = {Marine Pollution Bulletin},
  year = {2010},
  volume = {61},
  pages = {247 -- 253},
  number = {4 -- 6},
  keywords = {my publications, Cerastoderma edule},
  owner = {sonya},
  timestamp = {2011.07.14}
}

@ARTICLE{Gerasimova_Maximovich_2013,
  author = {Gerasimova, Alexandra V and Maximovich, Nikolay V},
  title = {Age--size structure of common bivalve mollusc populations in the
	White Sea: the causes of instability},
  journal = {Hydrobiologia},
  year = {2013},
  volume = {706},
  pages = {119--137},
  number = {1},
  abstract = {Inter-annual fluctuations in the recruitment rate and size–age structure
	are typical for marine bivalve beds. Until now there is no common
	opinion about the causes of this variability. One of them may be
	related to the adult–larval interactions in mollusk populations.
	To test this suggestion and to reveal the possible causes of inter-annual
	instability in bed recruitment level we analyzed the long-term (9–30
	years) dynamics of the size–age structure of 22 populations of 9
	bivalve species in the White Sea. Inter-annual variability in the
	successful recruitment was typical of most studied bivalve beds.
	This phenomenon was apparently caused, on the one hand, by the intensity
	of molluscs’ intraspecific interactions, and on the other (no less),
	by the juvenile survival in their first winter. The bivalve stationary
	beds in the White Sea are likely the exception from the general rule.
	They can be formed in case of a relatively stable level of annual
	recruitment with a decrease in intensity of intraspecific competition.
	However, in this case, the stability of the bed size–age structure
	can be easily disrupted under unfavourable
	
	conditions for spat survival in their first winter.},
  keywords = {Bivalvia, Population dynamics, Recruitment, White Sea, Macoma balthica,
	динамика, Белое море, Arctica islandica, Serripes, Mytilus edulis},
  publisher = {Springer}
}

@ARTICLE{Gilbert_1973,
  author = {Mary Ann Gilbert},
  title = {Growth rate, longevity and maximum size of Macoma balthica (L.)},
  journal = {Biological bulletin},
  year = {1973},
  volume = {145},
  pages = {119-126},
  number = {1},
  note = {ЗИН: ИП 82},
  __markedentry = {[sonya]},
  abstract = {1. Growth rate and longevity were determind for a population of M.balthica
	at Rand Harbor, Falmouth, Mass., using a modification of the mark
	and recapture technique that allowed all marked individuals to be
	followed throughout a year. Dry weght biomass, dry shell weight and
	caloric content were also determined.
	
	
	2. Caloric content is 4.049 kcal/ash-free g.Dry weight biomass and
	dry shell weight were found to have a similar allometric growth with
	constant of allometric growth with a constant of allometry of approximately
	3 when measured against shell length.
	
	
	3. The bivalves were discovered to grow year round with the peak period
	of growth occurring from May to August. A negatively linear relationship
	between initial length (X) and total annual increment (Y) was found
	(Y = -0.59 X + 12.85).
	
	
	4. The growth curve for the Rand Harbor population revealed that within
	the first two years of life, M.balthica attains most of its total
	length. Growth ceases once a maximum size of 22-25 mm is reached
	and total longevity is estimated to be 6-10 years.
	
	
	5. This results were compared to other studies and the theory that
	maximum size, growth rate and longevity are controlled by temperature
	presented and discussed.},
  keywords = {Macoma balthica, рост growth,, калорийность caloric content, максимальный
	размер maximum size,, продолжительность жизни longevity, температура
	temperature, Rand Harbor, Falmouth, Massachusets, сводка по чужим
	данным},
  owner = {sonya},
  review = {Growth curves in populations
	
	
	Снятые данные с графика.
	
	
	age,Rand_Harbor_1,Wadden_Sea_2,North_Sea_3bc,Kiel_Bay_3ws,Finland_Gulf_6m_3wc,Hudsons_Bay_4bs,MLW_4ws,Finland_Gulf_6m_5bc,Finland_Gulf_20m_5wc,
	Finland_Gulf_35m_5bs,St_Laurence_River_6,BBS_MGU_7
	
	1,9.6,7,5,5,4,5,3,1.3,NA,0.3,2.1,NA
	
	2,16.6,12,9.6,7.6,7,9,6,4,1,0.3,3,1
	
	3,19.6,15,14,12,10,12.5,8,7.6,NA,NA,4.5,NA
	
	4,20.7,17.3,16,13.6,11.7,14.7,10.6,10,NA,NA,6,3
	
	5,21,20,18,13,13,12.7,16.3,12,2.3,1,7.5,NA
	
	6,21.5,20.8,19.8,16,15,17.6,14.7,14,4.3,1.3,9,5.7
	
	7,NA,NA,20.8,NA,16,NA,NA,15.6,5.6,2,10,NA
	
	8,NA,NA,21,NA,NA,NA,NA,NA,7,2.5,10.5,7
	
	9,NA,NA,21.5,NA,NA,NA,NA,NA,8.5,3.5,11,NA
	
	10,NA,NA,NA,NA,NA,NA,NA,NA,9.8,4.5,11.5,8.2
	
	11,NA,NA,NA,NA,NA,NA,NA,NA,11,5.5,12,NA
	
	12,NA,NA,NA,NA,NA,NA,NA,NA,11.5,6.3,12,9.3
	
	13,NA,NA,NA,NA,NA,NA,NA,NA,12,7.5,NA,NA
	
	14,NA,NA,NA,NA,NA,NA,NA,NA,12.8,8.8,NA,10.5
	
	15,NA,NA,NA,NA,NA,NA,NA,NA,13.3,9.8,NA,NA
	
	16,NA,NA,NA,NA,NA,NA,NA,NA,NA,10,NA,10.2
	
	17,NA,NA,NA,NA,NA,NA,NA,NA,NA,11.8,NA,NA
	
	25,NA,NA,NA,NA,NA,NA,NA,NA,NA,14.5,NA,NA},
  timestamp = {2010.04.29}
}

@ARTICLE{Gosselin_Qian_1997,
  author = {Gosselin, Louis A. and Qian, Pei-Yuan},
  title = {Juvenile mortality in benthic marine invertebrates},
  journal = {Marine Ecology Progress Series},
  year = {1997},
  volume = {146},
  pages = {265 -- 282},
  abstract = {Thirty years ago, Thoorson (1966; Neth.J.Sea Res. 3: 267-293) calculated
	that juvenile mortality in marine bivalves could exceed 98,6%. Subsequently,
	juvenile mortality rates have been assumed to be high and to influence
	the evolution of life history traits. However, there have been no
	attempts to establish whether high juvenile mortality is common or
	is determine if interspecific trends in juvenile mortality exist.
	To adress thiss issue, we reviewed 30 studies of age-specific mortality
	among bivalves, gastropods, barnacles, ascidians, bryozoans and echinoderms.
	High juvenile mortality},
  keywords = {mortality, mortality factors, survivorship, early juvenile, selective
	pressures, population parametres, life history traits, age of maturity},
  owner = {sonya},
  timestamp = {2012.01.08}
}

@ARTICLE{Green_1973,
  author = {R. H. Green},
  title = {Growth and mortality in an arctic intertidal population of Macoma
	balthica (Pelecypoda, Tellinidae)},
  journal = {J. Fish. Res.Bd Can.},
  year = {1973},
  volume = {30},
  pages = {1345-1348},
  note = {нет журнала},
  __markedentry = {[sonya]},
  owner = {sonya},
  timestamp = {2010.05.13}
}

@MANUAL{prabclus_2012,
  title = {prabclus: Functions for clustering of presence-absence, abundance
	and multilocus genetic data},
  author = {Hennig, Christian AND Hausdorf, Bernhard},
  year = {2012},
  note = {R package version 2.2-4},
  url = {http://CRAN.R-project.org/package=prabclus}
}

@ARTICLE{Hiddink2003315,
  author = {J. G. Hiddink},
  title = {Effects of suction-dredging for cockles on non-target fauna in the
	Wadden Sea},
  journal = {Journal of Sea Research},
  year = {2003},
  volume = {50},
  pages = {315 - 323},
  number = {4},
  abstract = {Suction dredging for cockles removes large cockles from tidal flats
	and may also cause mortality of non-target fauna and make the habitat
	less suitable for some species. This study examines whether suction
	dredging for cockles on tidal flats of the Dutch Wadden Sea had affected
	densities of non-target fauna, directly after fishing and one year
	later. Densities of non-target fauna in two randomly chosen undredged
	locations were compared to densities at the surrounding heavily commercially
	dredged area. A significant negative effect of cockle dredging on
	densities of 0-group Macoma balthica was observed and this effect
	persisted one year after dredging. The dredged area appeared to be
	less suitable for settlement of mussels Mytilus edulis. No significant
	effects of dredging on the mudsnail Hydrobia ulvae and on 0 and 1-group
	C. edule were found. For the mobile young Macoma balthica it seems
	unlikely that the effect found after one year was still due to the
	mortality caused by dredging and this suggests that the habitat was
	less suitable as a consequence of dredging. Thus, even in the highly
	dynamic ecosystem of the Wadden Sea, effects of bottom disturbance
	by cockle dredging may persist after one year.},
  doi = {DOI: 10.1016/j.seares.2003.06.002},
  issn = {1385-1101},
  keywords = {Dredging},
  url = {http://www.sciencedirect.com/science/article/B6VHH-49SNG01-2/2/66262dc71e1ba7be6afac8241b54b28f}
}

@ARTICLE{Hiddink2002141,
  author = {J. G. Hiddink and R. ter Hofstede and W. J. Wolff},
  title = {Predation of intertidal infauna on juveniles of the bivalve Macoma
	balthica},
  journal = {Journal of Sea Research},
  year = {2002},
  volume = {47},
  pages = {141 - 159},
  number = {2},
  abstract = {Juveniles of the bivalve Macoma balthica live on tidal flats in the
	Wadden Sea. This study examined the interaction of Macoma with the
	infaunal polychaetes Arenicola marina and Nereis diversicolor and
	the gastropod Retusa obtusa. The distribution of M. balthica spat
	on the flats, shortly after settlement in April, showed a positive
	correlation with the Arenicola distribution and a negative correlation
	with Nereis distribution. There were no locations where Macoma spat
	and Retusa occurred together. In August, Macoma spat had grown too
	large for predation by intertidal infauna. Small individuals of Macoma
	spat were found in stomachs of Arenicola (0.14 worm-1) and Nereis
	(0.05 worm-1). Laboratory experiments showed that Nereis and Retusa
	could reduce Macoma spat abundance, both in the absence and presence
	of sediment and alternative prey. Arenicola reduced the abundance
	of small Macoma (<1 mm) in sediment without, but not with, alternative
	prey. In field experiments, we manipulated the density of Arenicola
	in 0.25-1 m2 plots and of Nereis in 0.03 m2 cages and examined the
	effect on Macoma density several weeks later. We found a significant
	negative relation between densities of polychaetes and Macoma spat
	for both polychaete species in these experimental plots. Peculiarly,
	we found a significant positive relation between manipulated Nereis
	density and adult Macoma density in the cages; we cannot explain
	this. Consumption rates, calculated both from stomach contents and
	from field experiments, were 45 to 102 Macoma m-2 d-1 for Arenicola
	and 5 to 116 Macoma m-2 d-1 for Nereis. These values are higher than
	recorded consumption rates by epibenthic predators in the same area.
	Nevertheless, between-year differences in year-class strength could
	not be explained by differential abundance of these polychaetes.
	In conclusion, Arenicola and Nereis had a negative effect on the
	abundance of Macoma <1.5 mm, which was at least partly caused by
	direct consumption. Retusa obtusa can eat juvenile Macoma, but probably
	did not so in the study area, because there were no locations where
	Retusa and Macoma spat occurred together in the period that Macoma
	was <2 mm.},
  doi = {DOI: 10.1016/S1385-1101(02)00107-7},
  issn = {1385-1101},
  keywords = {Macoma balthica},
  url = {http://www.sciencedirect.com/science/article/B6VHH-4599BD6-1/2/0d2bf605960aa66b049b5392541716a3}
}

@ARTICLE{Hiddink2002223,
  author = {J. G. Hiddink and S. A. E. Marijnissen and K. Troost and W. J. Wolff},
  title = {Predation on 0-group and older year classes of the bivalve Macoma
	balthica: interaction of size selection and intertidal distribution
	of epibenthic predators},
  journal = {Journal of Experimental Marine Biology and Ecology},
  year = {2002},
  volume = {269},
  pages = {223 - 248},
  number = {2},
  abstract = {The bivalve Macoma balthica is a common species in the Wadden Sea
	and North Sea. Juveniles temporarily use nurseries in the high intertidal.
	To explain this nursery use, predation pressure was examined for
	both juvenile and adult Macoma at low and high tidal flats. The study
	was carried out in the eastern Dutch Wadden Sea. Shrimps Crangon
	crangon, adult crabs Carcinus maenas, gobies Pomatoschistus and juvenile
	flatfish were more abundant and larger on low than on high tidal
	flats, but 0-group Carcinus was more abundant on the high tidal flats.
	Crangon and 0-group Carcinus stomachs frequently contained Macoma
	remains. These predators selectively preyed on small 0-group Macoma,
	both in the field and in laboratory experiments. The effect of predation
	by epibenthic animals and birds, on the low and high tidal flats,
	was examined in exclosure experiments (2 mm mesh). There was no effect
	of epibenthos exclosure on adult Macoma. For 0-group Macoma, densities
	were higher in exclosures than in the controls where predators had
	normal access. The density reduction by epibenthic predators was
	much larger in the low than in the high intertidal. We found no effect
	of bird predation on densities of 0- and 1+group Macoma. Thus, 0-group
	Macoma is under high predation pressure by epibenthos in the low
	intertidal, especially by shrimps, while they are relatively safe
	in the high intertidal. However, most of the shellfish outgrow their
	epibenthic predators during their first summer. Therefore, it becomes
	safe for the bivalves to redistribute to locations where epibenthic
	predators are abundant, during their first winter. On the other hand,
	it did not become clear from this study why many of the larger Macoma
	leave the high intertidal. Concluding, the nursery use of Macoma-spat
	in the high intertidal is probably, at least partly, an adaptation
	to avoid epibenthic predation.},
  doi = {DOI: 10.1016/S0022-0981(02)00002-3},
  issn = {0022-0981},
  keywords = {Caging studies},
  url = {http://www.sciencedirect.com/science/article/B6T8F-44XCDX4-1/2/685cb120b1f6fc6c240e50d47f2df79b}
}

@ARTICLE{Hummel_et_al_1998,
  author = {H. Hummel and R. Bogaards and T. Bek and L. Polishchuk and K. Sokolov
	and C. Amiard-Triquetc and G. Bachelet and M. Despreze and A. Naumov
	and P. Strelkov and S. Dahle and S. Denisenko and M. Gantsevich and
	L. de Wolf},
  title = {Growth in the bivalve Macoma balthica from its northern to its southern
	distribution limit: a discontinuity in North Europe because of genetic
	adaptations in Arctic populations?},
  journal = {Comparative Biochemistry and Physiology - Part A: Molecular \& Integrative
	Physiology},
  year = {1998},
  volume = {120},
  pages = {131-141},
  number = {1},
  __markedentry = {[sonya]},
  abstract = {The hypothesis was tested that towards a species limit of distribution
	its performance, such as growth or fitness, decreases. To this end,
	latitudinal changes in growth, maximum attainable length and genetic
	constitution were assessed for the Baltic clam, Macoma balthica (L.),
	at stations ranging from the most southern distribution limit (France)
	to its most north-eastern limit in the Arctic Pechora Sea (North
	Russia). Growth was analyzed by means of growth-rings on the shells,
	the genetic constitution by electrophoretic isoenzyme analysis. Growth
	patterns and the genetic constitution of populations from West Europe,
	North Europe and the White Sea were similar, whereas the populations
	from the Pechora Sea are distinct from the other populations. The
	performance of clams in the Pechora Sea populations, with a relatively
	low annual growth but high maximum length, was, in contrast to the
	hypothesis, not decreased. It is concluded that the Pechora Sea populations
	form a separate group, genetically different from other European
	populations and adapted to the Arctic conditions.},
  keywords = {Macoma balthica, geographic cline, границы распределения, генетика,
	Арктика, длина раковины, рост, адаптации},
  owner = {sonya},
  timestamp = {2010.04.19}
}

@ARTICLE{Jensen_Jensen_1985,
  author = {Jensen, Kurt Thomas and Jensen, J\orgen N\orrevang},
  title = {THE IMPORTANCE OF SOME EPIBENTHIC PREDATORS ON THE DENSITY OF JUVENILE
	BENTHIC MACROFAUNA IN THE DANISH WADDEN SEA},
  journal = {Journal of Experimental Marine Biology and Ecology},
  year = {1985},
  volume = {89},
  pages = {157 -- 174},
  abstract = {Recruitment of Cerastoderma edule (L.), Mya arenaria L., Mytilus edulis
	L., and Macoma balthi-
	
	ca (L.) on an intertidal flat in the Danish Wadden Sea was very successful
	in a year following a severe winter.
	
	Initially, densities of Cerastoderma edule up to 60000 ind’m-s were
	observed but shortly after settling
	
	declining densities occurred. Among the main epibenthic predators
	on juvenile animals on the flat, small
	
	individuals of the shore crab, Carcinus maenas (L.) were found to
	be important. Thus, laboratory experi-
	
	ments demonstrated that juvenile crabs in particular were preying
	on Cerastoderma edule. The juvenile crabs
	
	arrived simultaneously with the spat of C. edule. In July and August,
	the production of juvenile crabs was
	
	estimated to account for 26.1% of the elimination of cockles. Later
	the cockles were protected from
	
	predation by crabs by size. Analysis of stomach contents showed that
	another dominating predator on the
	
	flat, Crangon crangon (L.), was mainly feeding on meiofauna. We suggest
	that the juvenile individuals of
	
	Carcinus maenas play a key role in structuring the benthic community
	in the Wadden Sea by preventing the
	
	development of cockle beds.},
  file = {:/home/sonya/Library/Hydrobiology/Marine/Wadden_Sea_Macoma_Cerasroderma_predators/Jensen_Jensen_1985.pdf:PDF},
  keywords = {settlement, Cerastoderma edule, elimination, Carcinus maenas, production,
	size refuge, Wadden Sea,},
  owner = {sonya},
  review = {Danish Wadden Sea, Skallingen.
	
	
	Обилие (экз./кв.м):
	
	 Macoma balthica
	
	на станции 200 м: май 219, июль 926
	
	на 300 м: май 262, июль 1944
	
	
	Cerastoderma edule
	
	на станции 200 м: май - 0, июль - 36008
	
	на 300 м: май - 0, июль - 33055
	
	
	эпибентосные хищники: Crangon crangon, Carcinus maenas, Pomatoschistus
	microps (Kroyer), Pleuronectes platessa (L.), and Platichthys flesus},
  timestamp = {2014.01.26}
}

@ARTICLE{Laakso_1965,
  author = {M. Laakso},
  title = {The bottom fauna in the surroundings of Helsinki},
  journal = {Ann. Zool. Fenn.},
  year = {1965},
  volume = {2},
  pages = {18-37},
  note = {ЗИН: нет журнала},
  __markedentry = {[sonya]},
  owner = {sonya},
  timestamp = {2010.05.14}
}

@ARTICLE{Lavoie_et_al_1968,
  author = {R. Lavoie and J. L. Tremblay and G. Filteau},
  title = {Age et croissance de Macoma balthica L. 5 Cacouna-est darts l'estuaire
	du St-Laurant.},
  journal = {Naturaliste can.},
  year = {1968},
  volume = {95},
  pages = {887-895},
  note = {ЗИН: нет номера},
  __markedentry = {[sonya]},
  owner = {sonya},
  timestamp = {2010.05.13}
}

@ARTICLE{McErlean_1964,
  author = {A. McErlean},
  title = {Characteristics of Macoma balthica populations in the Middle Patuxent
	Estuary},
  journal = {Chesapeake Science},
  year = {1964},
  volume = {5},
  pages = {200-208},
  note = {ЗИН: ИП 2643},
  __markedentry = {[sonya]},
  owner = {sonya},
  timestamp = {2010.04.21}
}

@CONFERENCE{Nazarova_2007,
  author = {Sophia Nazarova and Eugeny Genelt-Yanovsky and Kirill Volkov and
	Alexey Poloskin},
  title = {Invertebrate scavengers feeding on dead mussels (Mytilus edulis L.)
	in subtidal communities of the Kandalaksha bay (the White Sea)},
  booktitle = {42nd European Marine biology simposium. 27-31 august 2007, Kiel.Abstracts.},
  year = {2007},
  owner = {sonya},
  timestamp = {2011.07.14}
}

@MANUAL{vegan_2013,
  title = {vegan: Community Ecology Package},
  author = {Jari Oksanen and F. Guillaume Blanchet and Roeland Kindt and Pierre
	Legendre and Peter R. Minchin and R. B. O'Hara and Gavin L. Simpson
	and Peter Solymos and M. Henry H. Stevens and Helene Wagner},
  year = {2013},
  note = {R package version 2.0-10},
  keywords = {R, vegan, methods, community ecology, statistics},
  url = {http://CRAN.R-project.org/package=vegan}
}

@ARTICLE{Luttikhuizen_et_al_2008,
  author = {Pieternella C. Luttikhuizen, Joana Campos, Judith van Bleijswijk,
	Katja T.C.A. Peijnenburg, Henk W. van der Veer},
  title = {Phylogeography of the common shrimp, Crangon crangon (L.) across
	its distribution range},
  journal = {Molecular phylogenetics and evolution},
  year = {2008},
  volume = {46},
  pages = {1015-1030},
  __markedentry = {[sonya]},
  abstract = {The common or brown shrimp Crangon crangon (L.) is a highly abundant
	and important taxon, both ecologically and commercially, yet knowledge
	on its population structure and historical biogeography is limited.
	We studied population genetic structure across the distribution range
	of this species by sequencing a 388 bp fragment of the cytochrome-c-oxidase
	I gene for 140 individuals from 25 locations. Strong population structuring
	and high levels of genetic diversity were observed. Four main phylogroups
	were uncovered: northeastern Atlantic, western Mediterranean, Adriatic
	Sea and Black Sea. Gene flow of these shrimp across known oceanographical
	barriers (e.g., the Strait of Gibraltar and/or Oran-Almeria front,
	Sicilian Straits, and Turkish Straits) is severely restricted. The
	oldest and most variable populations currently inhabit the western
	Mediterranean. The observed absence of structure across the entire
	northeastern Atlantic shelf is proposed not to be due to gene flow,
	but to relatively recent colonization following the glacial cycles
	of the late Pleistocene. Black Sea shrimp are currently disconnected
	from Mediterranean populations, and colonization is inferred, on
	the basis of coalescent analysis, to
	
	have happened relatively recently, but possibly earlier than 7000
	years ago. We postulate the hypothesis that C. crangon survived the
	last brackish-water (<7‰) period inside the Black Sea and/or one
	of the adjacent inland seas. We conclude that (1) common shrimp populations
	from different basins are strongly differentiated, (2) gene flow
	across basins is probably very limited, and (3) the biogeographic
	history of the taxon is largely in accordance with the geographic
	history of its distribution range. This study provides further evidence
	that high population connectivity of marine species (e.g., by policy
	makers) should not be assumed.},
  doi = {10.1016/j.ympev.2007.11.011},
  keywords = {Генетика Genetics, Conservation genetics, COI, Филогеография Phylogeography,
	Crangon crangon},
  owner = {sonya},
  timestamp = {2011.11.14}
}

@ARTICLE{Reading_1979,
  author = {C. Reading},
  title = {Changes in the downshore distribution of Macoma balthica (L.) in
	relation to shell length},
  journal = {Estuarine and coastal marine science},
  year = {1979},
  volume = {8},
  pages = {1-13},
  number = {1},
  note = {ЗИН: ИП 3481},
  abstract = {The downshore distribution of an intertidal population of Macoma balthica
	(L.) in the Wash was studied between May 1972 and June 1975. Although
	the whole population was distributed in a wide zone between high
	water neaps and just below mid shore level there were differences
	between the distributions of the large and small animals. These differences
	were the result of a downshore change in the distribution of M. balthica
	with increase in size and were correlated with the distribution of
	the two main substratum particle sizes (63–125 μm; 125–350 μm).},
  doi = {10.1016/0302-3524(79)90101-4 10.1016/0302-3524(79)90101-4},
  keywords = {Bivalvia, Macoma balthica, литораль intertidal zone,, распределение
	distribution,, particle size, Северное море North Sea},
  owner = {sonya},
  timestamp = {2010.04.21}
}

@BOOK{lattice_2008,
  title = {Lattice: Multivariate Data Visualization with R},
  publisher = {Springer},
  year = {2008},
  author = {Deepayan Sarkar},
  address = {New York},
  note = {ISBN 978-0-387-75968-5},
  url = {http://lmdvr.r-forge.r-project.org}
}

@ARTICLE{Seitz_2011,
  author = {Rochelle D. Seitz},
  title = {Gradient effects on structuring of soft-bottom benthic infauna: Macoma
	balthica and predation, recruitment, and food availability},
  journal = {Journal of Experimental Marine Biology and Ecology},
  year = {2011},
  volume = {409},
  pages = {114-122},
  __markedentry = {[sonya]},
  abstract = {Infaunal benthic community structure can be affected by factors that
	operate locally (e.g., predation, competition, and disturbance) and
	regionally (e.g., recruitment, nutrient delivery). To determine the
	mechanisms driving distribution of a dominant infaunal clam, Macoma
	balthica, along a salinity (i.e., stress) gradient in the York River,
	Chesapeake Bay, I experimentally examined the effects of predation,
	recruitment, and food availability in shallow, subtidal, soft-bottom
	habitats. Specifically, in upriver and downriver zones I quantified:
	(1) the abundance of M. balthica; (2) the effect of predation on
	survival of M. balthica; (3) the abundance and foraging efficiency
	of major epibenthic predators; (4) the recruitment of M. balthica;
	and (5) the food availability for clams (sedimentary carbon). Consumer
	stress models predict that predators are more stressed in zones where
	salinity is lower and more variable (i.e., upriver); thus, predator-induced
	mortality should be lower upriver, potentially elevating the density
	of infaunal prey. In contrast to these models, in the York River,
	(1) natural abundance of M. balthica was higher upriver, (2) both
	predation-induced mortality in manipulative field experiments as
	well as field measurements of natural mortality of clams over time
	were higher upriver, though per capita foraging efficiency was lower,
	(3) predator abundance but not size was greater upriver where predation
	intensity was higher, (4) recruitment was lower upriver, and (5)
	food availability (sedimentary carbon) was greater upriver. Clam
	density, environmental stress, and per capita foraging efficiency
	were in accord with a consumer stress model of community regulation,
	whereas higher predator abundance and predation intensity in zones
	of higher environmental stress were contrary to the model's predictions.
	Recruitment did not dictate overall patterns of clam abundance, but
	habitat quality and nutrients appeared to drive prey and predator
	abundances. The patterns in this soft-bottom community are explained
	best by a productivity model, as reflected in a community governed
	principally by resource availability (i.e., bottom–up control), at
	a broad scale. This research suggests that structuring forces are
	similar for rocky inter-tidal, salt marsh, and soft-bottom communities
	at broad spatial scales.},
  doi = {10.1016/j.jembe.2011.08.014},
  keywords = {Macoma balthica, bottom-up control,, пополнение поселений recruitment,
	эстуарные градиенты estuarine gradient, системы мягких грунтов soft-bottom
	system},
  owner = {sonya},
  timestamp = {2011.11.14}
}

@ARTICLE{Stromgrenet_al_1973,
  author = {T. Stro:mgren and R. Lande and S. Engen},
  title = {Intertidal distribution of the fauna on muddy beaches in the Borgenfjord
	area},
  journal = {Sarsia},
  year = {1973},
  volume = {53},
  pages = {49-70},
  note = {ЗИН: ИП 2115},
  abstract = {The intertidal fauna in three muddy beaches in Borgenfjorden (Trondheimsfjorden,
	western coast of Norway) is described. A Macoma community dominates,
	with pronounced zonation hrom high to low water. The zonation is
	assumed to be mainly due to the period of submergence. The patchiness
	of the most abundant species is investigated by a combination of
	the variance/expected number ratio and a correlation method. The
	result indicates that if patches occur, they are smaller than 10
	cm or larger than 100 cm in extension. Simpsons index of diversity
	(\lambda) seems to be reduced with increased environmrental stress.
	A linear correlation was found between \lambda and the Shannon-Weaver
	function H.},
  keywords = {Macoma, distribution},
  owner = {sonya},
  timestamp = {2010.05.13}
}

@MANUAL{R_2014,
  title = {R: A Language and Environment for Statistical Computing},
  author = {R Core Team},
  organization = {R Foundation for Statistical Computing},
  address = {Vienna, Austria},
  year = {2014},
  keywords = {R},
  url = {http://www.R-project.org/}
}

@ARTICLE{Turk_et_al_1980,
  author = {T. R. Turk and M.J. Risk and R. W. M. Hirtle and R.K. Yeo},
  title = {Sedimentological and biological changes in the Windsor mudfiat, an
	area of induced siltation.},
  journal = {Can. J. Fish. aquat. Sci.},
  year = {1980},
  volume = {37},
  pages = {1387-1397},
  note = {ЗИН: ИП 167},
  __markedentry = {[sonya]},
  owner = {sonya},
  timestamp = {2010.05.13}
}

@ARTICLE{Varfolomeeva_Naumov_2013,
  author = {Varfolomeeva, Marina and Naumov, Andrew},
  title = {Long-term temporal and spatial variation of macrobenthos in the intertidal
	soft-bottom flats of two small bights (Chupa Inlet, Kandalaksha Bay,
	White Sea)},
  journal = {Hydrobiologia},
  year = {2013},
  volume = {706},
  pages = {175-189},
  number = {1},
  language = {English},
  doi = {10.1007/s10750-012-1341-4},
  issn = {0018-8158},
  keywords = {Spatial and temporal scale; Long-term studies; Soft-bottom intertidal
	assemblages; The White Sea},
  publisher = {Springer Netherlands},
  url = {http://dx.doi.org/10.1007/s10750-012-1341-4}
}

@ARTICLE{Vincent_et_al_1989,
  author = {B. Vincent and D. Joly and C. Brassard},
  title = {Effets de la densité sur la croissance du bivalve Macoma balthica
	(L.) en zone intertidale},
  journal = {Journal of Experimental Marine Biology and Ecology},
  year = {1989},
  volume = {126},
  pages = {145-162},
  note = {ЗИН: ИП 2629},
  __markedentry = {[sonya]},
  abstract = {Experimental and descriptive field studies were conducted on an intertidal
	population of the infaunal bivalve Macoma balthica (L.) in the St
	Lawrence estuary in order to investigate the effect of density on
	growth and recruitment. The study of spatial variations in density
	and shell growth on the tidal flat was based on a stratified random
	sampling using three tidal level zones as strata. Mean population
	density over the whole area was 1302 · m −2; densities were higher
	and more variable near mean water level. Shell-growth rate and mean
	shell length of each generation increased with immersion time. There
	was a strong density effect on shell growth which increased with
	tidal level. The population was food limited in the upper two-thirds
	of the flat. The effect of density on shell growth was confirmed
	by a completely randomized block design experiment in the upper intertidal
	level. There was also a density effect on total tissue dry weight
	and on gonad size, but there was no significant effect of adult density
	on recruitment.},
  doi = {10.1016/0022-0981(89)90086-5},
  file = {growth and density data:/home/sonya/Documents/Data/Vincent_et_al_1989:Rich Text Format},
  keywords = {влияние плотности Dencity effect, Macoma balthica, полевой эксперимент
	field experiment, гонады gonad, литораль intertidal zone, рост growth},
  owner = {sonya},
  review = {Age,Mean_high,Mean_middle,Mean_low,SEM_high,SEM_middle,SEM_low
	
	1,2.9,3.0,3.2,0.7,1.1,0.6
	
	2,4.9,5.3,5.8,1.0,1.0,1.3
	
	3,7.1,7.8,8.8,1.5,1.4,1.4
	
	4,8.8,9.5,10.7,1.6,1.3,1.2
	
	5,9.4,10.8,12.3,1.0,1.4,1.2
	
	6,10.3,11.8,14.3,1.1,1.3,1.3},
  timestamp = {2010.04.21}
}

@ARTICLE{Vogel_1959,
  author = {K. Vogel},
  title = {Wachstumsunterbrechungen bei Lamellibranchiaten und Brachiopoden},
  journal = {N.Jb.Geol.Palaeont.},
  year = {1959},
  volume = {109},
  pages = {109-129},
  note = {картинка из Segerstrale},
  __markedentry = {[sonya]},
  owner = {sonya},
  review = {данные с графика
	
	(Tva\:rminne area)
	
	
	age,North_Sea,Kiel_area,Tvarminne_area
	
	1,},
  timestamp = {2011.04.23}
}

@ARTICLE{Wenne_Klusek_1985,
  author = {Roman Wenne and Zygmunt Klusek},
  title = {Longevity, growth and parasites of Macoma balthica L. in Gdansk Bay
	(South Baltic)},
  journal = {Polish archives of hydrobiology},
  year = {1985},
  volume = {32},
  pages = {31-45},
  number = {1},
  note = {ЗИН: ИП 660},
  __markedentry = {[sonya]},
  abstract = {In years 1980 -- 1982, samples were collected with a dredge from several
	sampling stations situated in Gdansk Bay. The growth rate of Macoma
	balthica was determined by reading of annual growth ring on shell.
	Moreover, the sex ratio and degree of infection by Trematoda were
	estimated.
	
	
	In the central part of Gdansk Bay(depth 35 -- 75 m), M.balthica lives
	longest and attains the greatest size of shell. The growth of M.balthica
	shell is described by von Bertalanffy equation and by logarithmic
	equation (above 1 year of life). The rate of M.balthic shell growth
	in 4 years old and older individuals is smaller in Inner Puck Bay
	than in the remaining part of Gdansk Bay. Likewise, the rate of the
	increase in dry weight of body and shell is lowest in the Inner Puck
	Bay.
	
	
	The proportion of females (u to 60\%),being highest in the population
	from the Puck Bay and from the more shallow part of Gdansk Bay is
	untypical of M.balthica. The degree of infection of the M.balthica
	population from Gdansk Bay by Parvatrema affinis (up to 3.7%) is
	very low.
	
	
	After a discussionof the literature data reporting maximal length,
	age and growth rate of M.balthica in various geographic regions,
	the occurrence of optimal regon characterized by greater growth rate
	of this bivalve, was postulated. This is partly opposed to the hypothesis
	of a drop in the M.balthica growth rate with an increase in latitude.},
  owner = {sonya},
  review = {age,IPB_n,IPB_length,IPB_SD,GN_n,GN_length,GN_SD,75_n,H75_length,H75_SD
	
	
	1,353,6.14,0.84,245,6.50,0.77,154,6.90,0.70
	
	
	2,353,9.45,0.91,250,9.42,0.87,152,9.72,0.69
	
	
	3,309,12.29,0.77,224,12.17,0.71,127,12.15,0.71
	
	
	4,229,14.42,0.68,204,14.73,0.63,113,14.73,0.65
	
	
	5,123,16.52,0.72,153,16.95,0.70,87,16.97,0.64
	
	
	6,16,18.22,0.51,114,19.36,0.72,55,19.21,0.62
	
	
	7,NA,NA,NA,61,21.16,0.46,19,21.11,0.35
	
	
	8,NA,NA,NA,21,22.91,0.54,1,22.7,NA},
  timestamp = {2011.04.21}
}

@ARTICLE{Gusev_2012,
  author = {А. А. Гусев, Е. М. Юргенс-Маркина},
  title = {Рост и продукция двустворчатого моллюска Macoma balthica (Linnaeus,
	1758) (Cardiida: Tellinidae) в юго-восточной части Балтийского моря},
  journal = {Биология моря},
  year = {2012},
  volume = {38},
  pages = {57 -- 64},
  number = {1},
  language = {russian},
  __markedentry = {[sonya]},
  keywords = {Macoma balthica, рост growth, продукция production, Балтийское море
	Baltic Sea},
  owner = {sonya},
  timestamp = {2012.02.23}
}

@INPROCEEDINGS{Agarova_et_al_1976,
  author = {Агарова, ИЯ and Воронова, МН and Гальцова, ВВ and Иоффе, БИ and Летова,
	НВ and Стрельцов, ВЕ and Стрельцова, СИ},
  options= {useauthor=true},
  title = {Распределение и экология донной фауны на литоральной отмели Дальнего
	Пляжа},
  booktitle = {Экологические исследования песчаной литорали},
  year = {1976},
  pages = {95--186},
  address = {Апатиты},
  keywords = {Дальний пляж, зообентос, литораль}
}

@INPROCEEDINGS{Aristov_2006,
  author = {Дмитрий Алексеевич Аристов and София Александровна Назарова and Александр
	Евгеньевич Горных and Евгений Александрович Генельт-Яновский and
	Алексей Валерьевич Полоскин},
  title = {Питание хищных беспозвоночных в прибрежной зоне Белого моря},
  booktitle = {Материалы X научной конференции ББС им. Перцова 9-10 августа 2006
	года},
  year = {2006},
  pages = {24-26},
  language = {russian},
  owner = {sonya},
  timestamp = {2011.06.29}
}

@INPROCEEDINGS{Babkov_1985,
  author = {А.И. Бабков},
  title = {О принципах выделения гидрологических сезонов на примере губы Чупа
	Белого моря},
  booktitle = {Биоценозы губы Чупы Белого моря и их сезонная динамика. Исследования
	фауны морей.},
  year = {1985},
  volume = {31 (39)},
  abstract = {В основные гидрологические сезоны (зима и лето) океанологические характеристики
	изменяются относительно медленно , в переходные сезоны (весна и осень)
	эти же характеристики изменяются наиболее быстро. Для выделения гидрологических
	сезонов определяются даты наиболее быстрого измененияя температуры
	при ее повышении или понижении. Конец весны и начало осени определяются
	датами, когда скорости изменения температуры достигат максимума;
	начало весны и конец осени определяются датами перехода воды через
	ноль. Период отрицательных температур воды соответствует гидрологической
	зиме. Период между датами максимальных скоростей соответствует гидрололическому
	лету.},
  keywords = {Белое море, гидрология, гидрологические сезоны, температура, губа
	Чупа},
  language = {russian},
  owner = {sonya},
  timestamp = {2010.11.22}
}

@INPROCEEDINGS{Boldina_1968,
  author = {Н. Л. Болдина},
  title = {Биология и жизненный цикл краба Hyas araneus в Онежском заливе Белого
	моря},
  booktitle = {Труды Карельского отделения Гос НИОРХ},
  year = {1968},
  volume = {т.V, вып. 2},
  pages = {129 -- 133},
  address = {Петрозаводск},
  publisher = {Карельское книжное издательство},
  note = {ЗИН: П 722},
  keywords = {Белое море, Hyas araneus, Decapoda},
  language = {russian},
  owner = {sonya},
  review = {" ... 
	
	Основные пищевые компоненты краба: растительные остатки, губки, гидроиды,
	полихеты, мшанки, ракообразные, моллюски, иглокожие, асцидии, рыбы.
	По частоте встречаемости в составе пищи краба преобладают моллюски,
	ракообразные, губки, растительные остатки. Характер питания показывает,
	что Hyas araneus поедает наиболее массовые формы бентоса, однако
	в определенный период жизн у него наблюдается избирательная способность.
	
	
	... "},
  timestamp = {2011.05.18}
}

@ARTICLE{Genelt_et_al_2001,
  author = {Евгений Александрович Генельт-Яновский and Ульяна Копештянски and
	София Александровна Назарова and Анна Тукачинская and Кирилл Фомичев},
  title = {Разработка комплексных методов количественного учета и картирования
	литоральных макробентосных беспозвоночных},
  journal = {Аничковский Вестник. Юношеский морской биологический симпозиум (Санкт-Петербург.
	12-15 апреля 2000)},
  year = {2001},
  volume = {26},
  pages = {61-63},
  language = {russian},
  owner = {sonya},
  timestamp = {2011.06.28}
}

@INPROCEEDINGS{Genelt_Dalnezeleneckaya_2008,
  author = {Евгений Александрович Генельт-Яновский and София Александровна Назарова},
  title = {Сообщества илисто-песчаной литорали губы Дальне-Зеленецкая (Восточный
	Мурман) в 2002-2007 гг},
  booktitle = {Материалы X научного семинара "Чтения памяти К.М. Дерюгина"},
  year = {2008},
  pages = {16 - 28},
  owner = {sonya},
  timestamp = {2011.07.14}
}

@CONFERENCE{Genelt_2007,
  author = {Евгений Александрович Генельт-Яновский and София Александровна Назарова},
  title = {Фаунистические комплексы, ассоциированные с поселениями инфаунных
	двустворчатых моллюсков на литорали Мурманского побережья Баренцева
	моря},
  booktitle = {Материалы VI всероссийской школы по морской биологии "Биоразнообразие
	сообществ морских и пресноводных экосистем России" (Мурманск, 1-2
	ноября 2007 года).},
  year = {2007},
  pages = {45 -- 46},
  language = {russian},
  owner = {sonya},
  timestamp = {2011.07.14}
}

@INPROCEEDINGS{Генельт-Яновский_2006,
  author = {Евгений Александрович Генельт-Яновский and София Александровна Назарова
	and Кирилл Волков and Алексей Валерьевич Полоскин},
  title = {Виды-трупоеды в сообществах верхней сублиторали Кандалакшского залива
	Белого моря},
  booktitle = {Материалы X научной конференции ББС им. Перцова 9-10 августа 2006
	года},
  year = {2006},
  pages = {31-34},
  language = {russian},
  owner = {sonya},
  timestamp = {2011.06.29}
}

@CONFERENCE{Genelt_2008,
  author = {Евгений Александрович Генельт-Яновский and София Александровна Назарова
	and Дмитрий С. Кобылков},
  title = {Закономерности в распределении некоторых видов макробентоса литорали
	Мурманского побережья Баренцева моря: агрегации или градиенты?},
  booktitle = {Тезисы докладов IX научной сессии Морской биологической станции СПбГУ
	(8 февраля 2008 г.).},
  year = {2008},
  pages = {45 -- 46},
  language = {russian},
  owner = {sonya},
  timestamp = {2011.07.14}
}

@ARTICLE{Gusev_2010,
  author = {А. А. Гусев},
  title = {Влияние факторов среды на распределение Macoma balthica (L, 1758)
	и Mytilus edulis (L, 1758) в Юго-Восточной части Балтийского моря},
  journal = {Вестник Российского государственного университета им. И. Канта},
  year = {2010},
  volume = {7},
  pages = {34-39},
  language = {russian},
  abstract = {Представлены результаты изучения влияния факторов среды на распределение
	двух массовых видов
	
	двустворчатых моллюсков Macoma balthica и Mytilus edulis в юго-восточной
	части Балтийского
	
	моря. Распределение этих видов двустворчатых моллюсков определялось
	в первую очередь типом
	
	грунтов. Распространение моллюсков в глубоководных частях моря было
	ограничено дефицитом
	
	кислорода в придонном слое воды.},
  keywords = {Macoma, Macoma balthica, Mytilus, Mytilus edulis, температура temperature,
	Балтийское море Baltic Sea, соленость salinity, распределение distribution,
	тип грунта sediment type},
  owner = {sonya},
  review = {Калиниградский залив
	
	 Macoma balthica была встречена на глубинах 9—81 м. Высокая численность
	маком наблюдалась
	
	на глубинах 9—80 м. Максимальной она была на глубинах 51—70 м (более
	650 экз/м2). На
	
	глубинах более 81 м макомы не были обнаружены. На глубинах до 40 м
	их биомасса была
	
	невысокой (менее 35 г/м2), на 41—50 м биомасса маком возросла почти
	вдвое (48,3 г/м2).
	
	Наибольшие ее значения зафиксированы на глубинах 51—80 м (60—100 г/м2).
	Минимальная
	
	биомасса M. balthica зарегистрирована на глубине 81—90 м (2,5 г/м2).
	На глубинах более 90 м
	
	макомы и другие донные животные отсутствовали.
	
	 Минимальные значения численности и биомассы M. balthica были отмечены
	на каменисто-
	
	гравийном грунте (КГГ) и алевритопелитовых илах (АПИ) (менее 20 экз/м2
	и 10 г/м2). На
	
	смешанных среднезернистых и грубозернистых песках (СГП) эти показатели
	были заметно выше
	
	(213 экз/м2 и 21,3 г/м2). Максимальные величины численности (500—1000
	экз/м2) и биомассы
	
	(около 80 г/м2) маком были приурочены к мелкозернистым пескам (МП),
	крупнозернистым
	
	алевритам (КА) и мелкоалевритовым илам (МАИ). На пелитовых илах (ПИ)
	M. balthica
	
	отсутствовала.
	
	 Максимальные значения численности и биомассы зарегистрированы при
	8,0—8,9 ‰ (711
	
	экз./м2 и 77,7 г/м2). В целом для вод с диапазоном солености 7—9,9
	‰ величины численности и
	
	биомассы составляли соответственно более 400 экз./м2 и 30 г/м2.
	
	 При температуре 16,0—18,9 °С мы наблюдали наименьшие значения численности
	и биомассы
	
	маком (54 экз./м2 и 6,4 г/м2). Максимальная численность была при 10,0—12,9
	°С (1012 экз./м2),
	
	биомасса — при 4,0—6,9 °С (62,6 г/м2) и 13,0—15,9 °С (59,9 г/м2).
	
	 M. balthica встречалась при концентрациях кислорода от 8,4 до 1 мл/л.
	Содержание кислорода в
	
	придонном слое воды ограничивало распространение маком лишь в наиболее
	глубоководных
	
	районах. На глубинах более 80 м макомы отсутствовали из-за дефицита
	кислорода.},
  timestamp = {2011.03.25}
}

@ARTICLE{Zubaha_et_al_2000,
  author = {М.А. Зубаха and А.В. Полоскин and Н.А. Гольцев},
  title = {Особенности размножения и пополнения поселений Macoma balthica L.
	в Белом море},
  journal = {Вестник СПбГУ. Серия 3. Биология},
  year = {2000},
  volume = {2},
  pages = {108 -- 115},
  number = {11},
  language = {russian},
  keywords = {Bivalvia, Macoma, Macoma balthica, Mollusca, Белое море, губа Чупа,
	пополнение поселений recruitment, пост-ларвальные ракушки, численность,
	структура популяции population structure, температура воды water
	temperature, личинки, литораль intertidal zone},
  owner = {sonya},
  timestamp = {2013.04.17}
}

@INPROCEEDINGS{Kuderskiy_1968,
  author = {Л. А. Кудерский},
  title = {Экология десятиногих раков Онежского залива Белого моря},
  booktitle = {Труды Карельского отделения Гос НИОРХ},
  year = {1968},
  volume = {т. V, вып. 2},
  pages = {145 -- 149},
  address = {Петрозаводск},
  publisher = {Карельское книжное издательство},
  note = {ЗИН: П 722},
  keywords = {Белое море, Онежский залив, Decapoda, Pandalus annulicornis, Spirontocaris
	spinus, Spirontocaris turgida, Hetairus polaris, Eualus gaimardi,
	Crangon crangon, Crangon allmani, Sclerocrangon boreas, Sadinea septemcarinata,
	Pagurus pubescens, Hyas araneus},
  language = {russian},
  owner = {sonya},
  review = {Характеристика представленных видов по глубине, солености, температуре.
	Сравнение Онежского залива и Белого моря.
	
	
	
	Группы по отношению к глубине --
	
	"...
	
	1. Виды литоральные. Сюда относится Crangon crangon, образующий массовые
	скопления в различных районах залива в пределах осушной зоны. Иногда
	Crangon crangon встречается в значительных количествах в самых верхних
	горизонтах сублиторали, на глубинах до 5 м.
	
	
	2. Виды, предпочитающие глубины до 20-30 м. Эта группа вклчает в себя
	Crangon allmani, Spirontocaris turgida, Hetarius polaris, Hyas araneus.
	Все эти формы наиболее часто встречаются в верхних горизонтах сублиторали,
	хотя некоторые из них (Hyas araneus) иногда многочисленны на глубинах
	до 40 м. 
	
	..."},
  timestamp = {2011.05.18}
}

@INPROCEEDINGS{Kuznecov_1963,
  author = {В. В. Кузнецов},
  title = {Время и температурные условия размножения морских беспозвоночных},
  booktitle = {Материалы по комплексному изучению Белого моря},
  year = {1963},
  volume = {2},
  pages = {32 -- 52},
  publisher = {Издательство АН СССР},
  note = {ЗИН: I 2320},
  keywords = {размножение, температура, свет, Белое море, Баренцево море Barents
	Sea},
  language = {russian},
  owner = {sonya},
  timestamp = {2011.05.18}
}

@BOOK{Kuznecov_1960,
  title = {Белое море и биологические особенности его флоры и фауны},
  publisher = {издательство АН СССР},
  year = {1960},
  author = {Кузнецов, В. В.},
  pages = {322},
  note = {ЗИН: I 15836},
  language = {russian},
  keywords = {Белое море White sea},
  owner = {sonya},
  review = {" ...
	
	Crangon crangon в Баренцевом море постоянных поселений не образует
	и встречается лишь единичными особями в прибреных водах Восточного
	Мурмана. В Белом море, напротив, этот вид чрезвычайно широко распространен
	и образует массовые поселения в ельте Северной Двины, в Сухом море,
	вдоль Летнего берега и в Южной части Онежского залива (Паленичко,
	1943), имеется он и в Кандалакшском заливе и в южной части Мезенского
	залива. Всюду он предпочитает песчанистые грунты и занимает глубины
	от 0 до 54 м. В подобных же условиях Crangon crangon образует свои
	массовые поселения у берегов Западной Европы (Wollebaek, 1908; Havinga,
	1930; Lebour, 1931).
	
	...
	
	Икрометание и развитие эмбрионов в Северном море протекают в любое
	время года, а в Белом море икрометание наблюдалось только в октябре,
	а развитие эмбрионов идет в самое холодное время года, с октября
	по май, т.е. в течение 6-7 месяцев. "},
  timestamp = {2011.05.18}
}

@CONFERENCE{Kuznecov_1954,
  author = {Кузнецов, В. В.},
  title = {Влияние условий первого года жизни на формирование биологических
	свойств взрослых особей},
  booktitle = {Третья экологическая конференция},
  year = {1954},
  series = {2},
  pages = {81 -- 84},
  publisher = {Издательство Киевского государственного университета им. Т.Г. Шевченко},
  note = {ЗИН: И.4654},
  keywords = {Белое море White Sea, Баренцево море Barents Sea, рост growth, развитие
	development},
  language = {russian},
  owner = {sonya},
  review = {Основная идея - первый год все растут по-разному. Это связано в т.ч.
	с растянутым нерестом. Те которые к концу первого года мельче - в
	последущие годы растут интенсивнее и могут даже перерастать тех,
	кто к концу первого года был крупнее. + лучшая выживаемость. 
	
	
	Явление "компенсационного роста" была показана лет тридцать назад
	на рыбах, но забыта.},
  timestamp = {2011.05.18}
}

@INPROCEEDINGS{Kuznecov_1949,
  author = {Кузнецов, В. В.},
  title = {Влияние зимнего ледяного припая на морфологию побержья, фауну и флору
	литорали Белого моря},
  booktitle = {Работы Морской биологической станции Карело-Финского государственного
	университета (с. Гридино на Белом море)},
  year = {1949},
  volume = {1},
  pages = {44 -- 57},
  address = {Петрозаводск},
  publisher = {Государственное издательство Карело-Финской ССР},
  note = {ЗИН: П 1342},
  keywords = {литораль intertidal zone, зима winter, Белое море White Sea, Баренцево
	море Barents Sea},
  language = {russian},
  owner = {sonya},
  timestamp = {2011.05.18}
}

@CONFERENCE{Kuznecova_2007,
  author = {Екатерина Константинован Кузнецова and София Александровна Назарова
	and Наталья Михайловна Сухих and Наталья Владимировна Полякова},
  title = {Зоопланктон озера Горелое (Керетский архипелаг Белого моря)},
  booktitle = {Тезисы докладов VIII научной сессии Морской биологической станции
	СПбГУ (8 февраля 2007 г.)},
  year = {2007},
  pages = {25-27},
  language = {russian},
  owner = {sonya},
  timestamp = {2011.06.29}
}

@PHDTHESIS{Maximovich_2004,
  author = {Н.В. Максимович},
  title = {О закономерностях организации популяций морских двустворчатых моллюсков},
  school = {Зоологический институт Российской Академии Наук},
  year = {2004},
  type = {Автореферат диссертации на соискание ученой степени доктора биологических
	наук},
  abstract = {Общая характеристика работы
	
	
	Актуальность исследования. Двустворчатые моллюски (Bivalvia) широко
	распространены в Мировом океане. В верхних отделах бентали материковой
	отмели их массовые формы определяют условия биоседиментации и биологического
	самоочищения вод, кормовую базу рыб и, в целом, промысловую значимость
	акваторий. Немалая часть количественных гидробиологических исследований
	в 20-м веке была выполнена на примере естественных и искусственных
	популяций Bivalvia. Однако ни широта фронта таких исследований, ни
	глубина изученности отдельных массовых и промысловых таксонов не
	привели к созданию целостных представлений о механизмах пространственно-временной
	организации их популяций. Проблема здесь не только в неоднозначности
	представлений о видовой популяции как о биологическом феномене и
	субъекте непосредственных практических экологических исследований
	(Алтухов, 1997), но и в том, что изучение отдельных сторон популяционной
	экологии моллюсков производится на методически очень разной базе
	и, следовательно, разными учеными. Синтетический подход к анализу
	экологических свойств двустворчатых моллюсков, достигнутый в ряде
	последних специальных монографий (см., например, Касьянов, 1989),
	недостаточен для построения модели жизненного цикла морских двустворчатых
	моллюсков в рамках конкретной популяции, как элемента макроструктуры
	вида - самоорганизующейся и самовоспроизводящейся системы. Именно
	такая биосистема в диссертации обозначена как популяция, и анализ
	ее свойств составляет главный предмет всего исследования. Видовые
	агрегации особей в типичных местообитаниях – объекты прямого изучения,
	определены как поселения.
	
	Цель и задачи исследования. Основная идея работы - реализация комплексного
	подхода в количественной оценке закономерностей воспроизводства популяций
	морских двустворчатых моллюсков, а ее цель можно определить как изучение
	механизмов гомеостаза популяций двустворчатых моллюсков. Как приоритетные
	направления работы следует выделить изучение: 
	
	1. Пространственно-временной неоднородности поселений двустворчатых
	моллюсков по показателям обилия, возрастной структуры, скорости роста
	и смертности особей в генерациях - как основы для создания представлений
	о механизмах организации субпопуляционных биосистем;
	
	2. Параметров репродуктивного цикла массовых видов моллюсков в типичных
	поселениях - как основы для описания популяционных эффектов их нерестовой
	активности;
	
	3. Структуры и динамики скоплений личинок моллюсков - как основы для
	анализа закономерностей пополнения поселений молодью;
	
	4. Структуры ресурсов бентосных и пелагических гемипопуляций двустворчатых
	моллюсков губы Чупа (Белое море) - как основы для создания модельных
	представлений о количественных закономерностях воспроизводства их
	популяций.
	
	Таким, образом, основные элементы актуальности темы диссертации связаны
	с разработкой вопросов методологии изучения биоразнообразия в морской
	биологии и соотношения случайности и закономерности в организации
	популяций морского бентоса. 
	
	Новизна исследований. Новизна полученных результатов определена комплексностью
	подхода к изучению жизненных циклов массовых видов моллюсков и опорой
	на многолетние ряды наблюдений. Как основное ее достижение следует
	рассматривать вклад в решение фундаментальных вопросов экологии морских
	двустворчатых моллюсков. На основе результатов проведенных исследований,
	впервые: 
	
	1 - описана специфичность субпопуляционных групп бентоса и меропланктона
	как объектов прямых экологических исследований; 
	
	2 - создан метод статистического анализа различий поселений долгоживущих
	гидробионтов по характеру их роста; 
	
	3 - описаны основные механизмы организации поселений массовых видов
	морского бентоса; 
	
	4 - предложена система понятий для описания структуры видовых скоплений
	личинок моллюсков в акваториях; 
	
	5 - обоснованы различия в трактовках популяции - субвидового изолята)
	и поселения - субпопуляционной системы и объекта прямых исследований
	в экологии; 
	
	6 - предложена концепция репродуктивного цикла популяции для описания
	этапов воспроизводства популяций организмов морского бентоса, как
	самовоспроизводящихся систем; 
	
	7 - построены блок-схемы количественных закономерностей воспроизводства
	популяций Mytilus edulis L. и Mya arenaria L. в губе Чупа Белого
	моря. 
	
	Положения, выносимые на защиту, можно сформулировать следующим образом.
	
	1. Поселения (локальные популяции) организмов макробентоса относятся
	к специфичным водным биосистемам. Они не способны к самовоспроизводству
	и отличаются крайне высокой неоднородностью и динамичностью показателей
	структуры. 
	
	2. Популяции (элементы макроструктуры вида) и поселения (элементы
	в организации популяции) различаются по свойствам как биосистемы,
	и методологически - как объекты исследования. 
	
	3. Популяции морских двустворчатых моллюсков с пелагической стадией
	в онтогенезе модельно можно дифференцировать не только по структуре
	бентосных гемипопуляций, но и по структуре планктонных гемипопуляций.
	
	
	4. Предложена концепция репродуктивного цикла популяции, как основа
	для создания статистических моделей количественного воспроизводства
	популяций долгоживущих видов морских Bivalvia c пелагической стадией
	в онтогенезе.},
  keywords = {Macoma balthica, Mytilus edulis, Macoma calcarea, Mya arenaria, Musculus
	niger, Yoldia amygdalea hyperborea, Arctica islandica, Serripes gröenlandicus,
	распределение distribution, рост growth, литораль intertidal zone,
	Белое море, пополнение поселений recruitment},
  language = {russian},
  owner = {sonya},
  review = {Явление неоднородности структуры популяций организмов морского бентоса
	хорошо известно. Это связывают с разными причинами, но, главным образом,
	с: режимом пополнения молодью (Пианка, 1981; Жаков, Меншуткин, 1982;
	Касьянов, 1989; Markl, 1984; Holland, 1985) и эффектами конкуренции
	как межвидовой (Segerstrale, 1961; 1962; Brock, 1980; Commito, 1982;
	Bachelet, 1986), так и внутривидовой (Woodin, 1976; Williams, 1980;
	Griffiths, 1981; Moller, Rosenberg, 1983; Moller, 1986; Josefson,
	1982; Максимович, 1989а: Olafsson, 1989).
	
	
	Возникающие в результате колебаний в уровне ежегодного пополнения
	молодью могут приводить к выраженной периодичности в изменении характеристик
	структуры поселений гидробионтов (Садыхова, 1982; Луканин и др.,
	1986а; Селин, 1995; Glude, 1954; Beukema, 1982; Goshima, 1982). 
	
	
	Для бентосных беспозвоночных описаны 6 - 7 летние и 10 - 11 летние
	циклы развития поселений (Селин, 1995; Gray, 1977; Gray, Hartvig,
	1983; Powell, Hays, 1985).
	
	
	По нашим данным продолжительность перерывов (или периодов с низким
	уровнем пополнения молодью) составила ... 4 - 5 лет в поселениях
	Y. hyperborea, M. balthica и S. gröenlandicus.
	
	
	личинки M. edulis, M. arenaria и M. balthica были отмечены в планктоне
	в значительном количестве во все годы наблюдений (Максимович, Шилин,
	1987; 1991, 1993; 1997). 
	
	
	В динамике численности в Белом море поселений этих трех видов как
	наиболее надежное свидетельство успеха пополнения их молодью следует
	воспринимать плотность поселения ювенилов - особей генерации прошлого
	репродуктивного сезона. Именно они наиболее адекватно отражают режим
	собственно пополнения поселений. Эффекты оседания личинок и формирования
	спата гораздо менее показательны в этом смысле, поскольку наибольшая
	(иногда тотальная) смертность ювенилов происходит именно в первую
	зиму (Максимович, 1985, Максимович и др., 1993; Максимович, Сухотин,
	2001).
	
	
	Получается, что в Белом море важным обстоятельством в успехе формирования
	молодой генерации литоральных видов двустворчатых моллюсков является
	гидрологический режим зимы. В частности речь может идти о ледовом
	режиме, играющем важную роль в жизни литоральных Bivalvia (Kühl,
	1951).
	
	
	Посчитаны коэффициенты смертности \mu
	
	Интересно отметить существенность различий величин коэффициента смертности
	в генерациях M, arenaria, M. calcarea и M. balthica, относящихся
	к разным поселениям каждого из видов. 
	
	У всех исследованных видов вариацию величин коэффициента смертности
	можно однозначно связать с возрастом (размером) особей и, с меньшим
	весом, с показателями обилия.
	
	Естественно, что наибольшие потери генерации должны испытывать в первый
	год жизни, но начальный период формирования генераций нами не рассмотрен.
	
	
	На графике как общую тенденцию можно отметить положительное влияние
	на величину коэффициента смертности среднего размера (возраста) особей
	генерации начиная с возраста 1 - 2 года (Рис. 2А), Только на примере
	2-х поселений M. arenaria удалось наблюдать u-образное изменение
	коэффициента смертности по мере увеличения возраста особей генераций
	(Рис. 2В). Похожие тенденции описаны для других популяций морских
	двустворчатых моллюсков (Smidt, 1951; Freeman, Dickie, 1979; Ankar,
	1980; Josefson, 1982; Green, 1973; Brousseau, 1978; Freeman, Commito,
	1982; Appeldoorn, 1990; McGroty, Clarke, 1990).
	
	
	Значительность вариации скорости роста моллюсков одного вида в местообитаниях
	наиболее отчетливо проявляется у эврибионтных форм. При этом степень
	различий по характеру роста особей внутри поселений может оказаться
	выше, чем различия средне-групповых кривых роста разных поселений.
	
	Можно выделить четыре основных источника такой вариации (Sukchotin,
	Maximovich, 1993): фоновые характеристики гидрологического режима
	акватории (Семенова, 1970; 1983; Swan, 1952; Segerstrale, 1960; Gilbert,
	1973; Green, 1973; Theisen, 1973; Bergh, 1974; Dare, 1976; Beukema
	et al., 1978; 1985; Bachelet, 1980; Beukema, Meehan, 1985; Beukema
	et al., 1985; Wenne, Klusek, 1985; Appeldoorn, 1990), межвидовые
	отношения в сообществе, (Rasmussen, 1973; Максимович, Морозова, 2000;
	Максимович, Мартынова, 2003; Халаман, 1998; 2001), свойства местообитания
	и показатели обилия самого поселения (Brown, 1988; Thompson & Nickols,
	1988); Broom, 1972; Petersen & Beal, 1989; Harger, 1970; Солдатова,
	1986; Grizzle & Morin, 1989; Савилов, 1953; Baird, 1966; Seed, 1969;
	Dare, 1976) и индивидуальные ростовые потенции особей (Голиков, 1971;
	Мина, Клевезаль, 1973; Алимов, 1981; Freeman,Dickie, 1979; Gosling,
	Wilkins, 1985; Mallet et al., 1987).
	
	
	Как обстоятельства формирования различий особей одной генерации по
	скорости роста следует иметь ввиду и эффекты компенсаторного роста
	(Мина, Клевезаль, 1976) и неоднозначность начальных условий роста
	моллюсков разных генераций в связи с особенностями периода формирования
	спата.
	
	Однако, судя по характеру индивидуальных кривых роста, ни тугорослые,
	ни быстро растущие особи поселения в течение онтогенеза принципиально
	не меняют скорость роста. Таким образом, если эффекты компенсаторного
	роста и имеют место в онтогенезе отдельных особей естественных местообитаний,
	то, во всяком случае, они много меньше размаха варьирования величин
	средней скорости роста особей в поселениях или теряются при усреднении,
	т.е. несущественны при описании группового роста моллюсков. 
	
	
	С другой стороны при анализе возрастного состава моллюсков в поселениях,
	всегда можно отметить, что величина ежегодного прироста особей одного
	возраста скоррелирована с размером их раковины к началу сезона роста.
	
	Оказалось, что это положение можно развить следующим образом: абсолютная
	величина годового прироста особи в среднем зависит от ее размера
	к концу первого сезона роста. Это было показано на примере M.balthica
	в заливе Сан-Франциско (Cloern, Nickols, 1978), M. incongrua в Японском
	море (Максимович, Лысенко, 1986), M. trossulus Чаунской губы Восточно-Сибирского
	моря (Гагаев и др., 1994), M.edulis Белого моря в естественных поселениях
	(Голиков, Сиренко, Максимович, 1988) и в условиях марикультуры (Максимович
	и др., 1993), а также на примере мидий Финского залива (Antsulevich,
	Vuorinene, Maximovich et al., 1999) (Рис. 3).
	
	
	В Белом море сильная зависимость процессов размножения бентосных бореальных
	и бореально-арктических форм от температурного режима вод была показана
	в результате специальных исследований (Савилов, 1953; Кауфман, 1977;
	Максимович, 1985а; 1985б). При этом важным популяционным элементом
	экологии нереста у гидробионтов с внешним оплодотворением оказывается
	его синхронизация, особенно в рамках одного поселения. Синхронизация
	нереста имеет два уровня регуляции: внешний (динамичность условий
	обитания) и внутренний (нейрогуморальная и эндокринная) (Giese, 1959;
	Lubet. 1059). В результате в одной акватории при специфичности режима
	гидродинамики локальных местообитаний в нерестовой активности отдельных
	поселений литоральных моллюсков Белого моря (Максимович, 1978а; 1985а;
	1985б) наблюдаются смещения сроков нереста особей на 1-2 недели.
	По определению, триггером вымета гамет является собственно определенное
	значение температуры (Милейковский, 1981). Для литоральных двустворчатых
	моллюсков губы Чупа это примерно +10о. (Кауфман, 1977; Максимович
	1978б; 1985а; 1985б). Однако в условиях Белого моря при высоком прогреве
	вод медиатором вымета гамет литоральных моллюсков оказываются также
	резкие изменения температуры воды (Максимович, Загородняя, 2000).
	Они часто определяют специфику режима прогрева вод и нереста особей
	в местообитаниях.
	
	
	Регулярные исследования экологии личинок двустворчатых моллюсков в
	Белом море проводятся с 8О-х годов прошлого столетия (Ошурков и др,
	1982; Шилин, 1989; Шилин, Ошурков, 1985; Шилин и др, 1987;1989; Максимович,
	Шилин, 1990; 1991; 1993; 1997).
	
	
	По характеру размерной структуры видовых скоплений личинок двустворчатых
	моллюсков явным образом выделяется развитие самостоятельных образований
	- пространственно-временных изолятов видовых совокупностей личинок
	(Рис. 5). На графике легко можно проследить динамику трех отдельных
	по размерной структуре, пространству и времени возникновения совокупностей
	личинок в разных частях губы Чупа. Основные результаты исследований
	закономерностей распределения личинок Bivalvia в губе Чупа можно
	представить следующим образом (Максимович, Шилин, 1990; 1991; 1997):
	
	
	1 - в силу особенностей геоморфологии и гидрологии губы ее акватория
	(и личиночный пул соответственно) относительно изолированы от вод
	Кандалакшского залива. 
	
	2 - личинки каждого из видов не образуют гомогенного пула, а формируют
	в сезон размножения от одной до нескольких группировок, дискретных
	по размерной структуре и (или) пространственному положению Их появление
	в планктоне определено синхронным (в течение 7 -10 дней) выметом
	гамет особей, составляющих поселения на участках мелководий протяженностью
	до 10 - 15 км. Дискретность развивается как результат разнесения
	в сроках вымета гамет особей одних и тех же поселений или в смещении
	нереста особей в поселениях в разных частях губы. Структурированность
	скоплений личинок в планктоне губы Чупа, подобная отмеченной на рис.
	4, наблюдали во все полевые сезоны (1986 - 2000 гг.) (Максимович,
	Шилин, 1997), и была отмечена так же в губе Никольской Кандалакшского
	залива (Максимович, Загородняя, 2000). 
	
	
	Потери личинок в планктоне пропорциональны длительности пелагической
	стадии и могут быть очень велики - в среднем 10% от наличной численности
	каждые сутки. 
	
	
	Попадание ювенилов в оптимальные для поздних стадий онтогенеза условия
	(в сложившиеся демотопы поселений) может происходить двумя основными
	способами: I. Массово - при старении основного поселения в процессе
	новой реколонизации демотопа молодью в течение одного или нескольких
	последовательных сезонов размножения (Луканин и др., 1986; Максимович
	и др, 1991; Герасимова, Максимович, 2000); 2. Постепенно - при относительно
	слабом, но постоянном (в смысле ежегодном) притоке молоди в виде
	постларвальных стадий или мигрирующих ювенилов. По-видимому, это
	обычной способ пополнения молодью поселений многих беломорских видов
	Bivalvia (Максимович, Герасимова, 2000).
	
	
	Экологически важными в режиме восполнения половозрелой части популяций
	морских двустворчатых моллюсков оказываются следующие показатели:
	1 - размер (возраст) наступления половозрелости; 2 - относительная
	длительность периода достижения половозрелости (по отношению к продолжительности
	жизненного цикла); 3 - характер смертности ювенилов в возрастных
	группах. 
	
	
	Наиболее чувствительная характеристика при биоиндикации условий обитания
	моллюсков - скорость роста самых быстрорастущих особей поселений
	(Максимович, 1995).},
  timestamp = {2011.07.09}
}

@ARTICLE{Maximovich_et_al_1991,
  author = {Н.В. Максимович and А.В. Герасимова and Т.А. Кунина},
  title = {Динамика структурных характеристик литоральных поселений Macoma balthica
	L. в губе Чупа (Белое море)},
  journal = {Вестник ЛГУ},
  year = {1991},
  volume = {вып. 2, № 10},
  pages = {23-31},
  language = {russian},
  keywords = {Macoma, Macoma balthica, Белое море, губа Чупа, численность, биомасса,
	динамика, размерная структура},
  owner = {sonya},
  review = {1979-1988 гг. Побережье острова Кереть.
	
	
	Пролив Сухая салма - неприбойная зоня, глинисто-песчаный заиленный
	пляж.
	
	Макс плотности: до 1-6 тыс. экз./кв.м
	
	Macoma baltica в среднем и нижнем горизонте. СГЛ - Fucus vesiculosis
	на мелких камнях, НГЛ - вверху Mya arenaria + Arenicola marina, ниже
	5-10м Zostera marina
	
	Макс.размер 18 мм - в сублиторали. 
	
	НГЛ - бимодальная РС, СГЛ - 1-модальная+смещение пиков во времени.
	
	В ВГЛ в осн. до 10 мм + низкая численность.
	
	Оседание молоди нерегулярное. Возможно, весной - это перераспределившиеся
	прошлогодние сеголетки. 
	
	Высокая смертность молоди.
	
	
	Бухта Ксющиха - прибойная зона, песчаный пляж - СГЛ, НГЛ, сублиторль
	
	M.b. от среднего горизонта до 0,5 м в сублиторали. 
	
	СГЛ- Macoma balthica, глебже - Macoma balthica + Arenicola marina
	
	Литораль - L макс = 12 мм, сублитораль L max = 18 мм
	
	Храктер размерной структйры (РС) принципиально не изменился. Плотность
	на литорали выше, но в целом относительно равномерно. К концу наблюдений
	снизилась.
	
	
	Характерно вертикальное смещение величин плотности, бимодальная размерная
	структура (как у многих других видов с пелагической личинкой - многолетняя
	цикличность из-за конкуренции старых с молодью)},
  timestamp = {2010.03.08}
}

@ARTICLE{Maximovich_et_al_1993,
  author = {Максимович, Николай Владимирович and Герасимоваб А.В. and Кунина,
	Т.А.},
  title = {Продукционные свойства поселений Macoma balthica L. в губе Чупа (Белое
	море). II. Продукция},
  journal = {Вестник СПбГУ},
  year = {1993},
  volume = {1},
  pages = {3 -- 10},
  number = {3},
  language = {russian},
  keywords = {Macoma, Bivalvia, Macoma balthica,, Белое море,, продукция production},
  owner = {sonya},
  review = {Весовые характеристики оценивали по аллометрической зависимости мырой
	массы (W, г) от длины их раковины (L, мм): W = 0.00016*L^2.96},
  timestamp = {2013.04.23}
}

@INPROCEEDINGS{Menshutkina_Chaban_1985,
  author = {Т.В. Меньшуткина and Е.М. Чабан},
  title = {Сезонная динамика численности популяций (Macrura) в Белом море},
  booktitle = {Биоценозы губы Чупа Белого моря и их сезонная динамика. Исследования
	фауны морей},
  year = {1985},
  volume = {31 (39)},
  abstract = {Изучались экология и распределение 10 видов креветок, обитающих в
	Кандалакшском и Онежском заливах Белого моря. Анализ структуры Eualus
	gaimardi в Кандалакшском заливе показал размерно-возрастную дифференциацию
	поселений этого вида по глубинам и связанным с ними физико-химических
	факторов. На мелководьях до глубины 2-3 м обитают молодые креветки
	(длина тела 25.5+-1.8 мм), а на глубинах 40-55 м - половозрелые (длина
	тела 42 +- 3.8 мм). Четкая приуроченность бореальных видов к верхним
	отделам шельфа с высокими летними температурами и пониженной соленостью,
	а бореально-арктических и высокобореально-арктических - к значительным
	глубинам с меньшими температурами и относительно высокой соленостью.
	Это свидетельствует о решающей роли водных масс и их слоев в распределении
	креветок в Белом море},
  keywords = {Белое море, Pandalus borealis, Eualus gaimardi, Spirontocaris phippsii,
	Lebbeus polaris, Sclerocrangon boreas, Spirontocaris spinus, Crangon
	crangon, Sabinea septemcarinata, Crangon allmani, Pandalus annulicornis,
	Macrura},
  language = {russian},
  owner = {sonya},
  timestamp = {2010.11.22}
}

@ARTICLE{Nazarova_ornitology_2005,
  author = {София Александровна Назарова},
  title = {Встреча мандаринки Aix galericulata на реке Сестре в Сестрорецке},
  journal = {Русский орнитологический журнал. Экспресс-выпуск.},
  year = {2005},
  volume = {14},
  pages = {902-903},
  number = {300},
  language = {russian},
  owner = {sonya},
  timestamp = {2011.06.29}
}

@ARTICLE{Nazarova_2003,
  author = {София Александровна Назарова},
  title = {Анализ многолетней динамики структуры поселений Macoma balthica (L.,
	1758) в районе Лувеньгских шхер (Кандалакшский залив Белого моря)},
  journal = {Аничковский Вестник. Материалы XIII открытой научно-практической
	конференции Аничкова лицея. Математическая физика, биология, психология},
  year = {2003},
  volume = {34},
  pages = {55-61},
  language = {russian},
  owner = {sonya},
  timestamp = {2011.06.29}
}

@INPROCEEDINGS{Nazarova_2008,
  author = {София Александровна Назарова and Евгений Александрович Генельт-Яновский},
  title = {Структурно-функциональные характеристики поселений Macoma balthica
	L. в осушной зоне Мурманского побережья Баренцева моря},
  booktitle = {Материалы научной конференции, посвященной 70-летию ББС им. Перцова
	9-10 августа 2008 года},
  year = {2008},
  pages = {81 -- 85},
  language = {russian},
  owner = {sonya},
  timestamp = {2011.07.14}
}

@ARTICLE{Nazarova_article_2010,
  author = {София Александровна Назарова and Евгений Александрович Генельт-Яновский
	and Николай Владимирович Максимович},
  title = {Линейный рост Macoma balthica в осушной зоне Мурманского побережья
	Баренцева моря},
  journal = {Вестник Санкт-Петербургского государственного университета. Серия
	3. Биология.},
  year = {2010},
  volume = {4},
  pages = {35 -- 43},
  language = {russian},
  keywords = {my publications, мои статьи my articles,},
  owner = {sonya},
  timestamp = {2011.07.14}
}

@CONFERENCE{Nazarova_2010,
  author = {София Александровна Назарова and Николай Владимирович Максимович
	and Евгений Александрович Генельт-Яновский},
  title = {Линейный рост Macoma balthica на Мурмане: географическая или биотопическая
	неоднородность?},
  booktitle = {XI научная сессия МБС СПбГУ. Тезисы докладов},
  year = {2010},
  keywords = {my publications, Macoma balthica, рост growth, Белое море White sea},
  language = {russian},
  owner = {sonya},
  timestamp = {2011.07.14}
}

@CONFERENCE{Nazarova_2005,
  author = {София Александровна Назарова and Алексей Валерьевич Полоскин},
  title = {О флуктуациях численности Macoma balthica L. В популяциях кутовой
	части Кандалакшского залива (Белое море)},
  booktitle = {Тезисы докладов VI научной сессии Морской биологической станции СПбГУ
	(8 февраля 2005 г.)},
  year = {2005},
  pages = {51-52},
  keywords = {my publications},
  language = {russian},
  owner = {sonya},
  timestamp = {2011.06.29}
}

@ARTICLE{Palenchenko_1940,
  author = {З.Г. Паленченко},
  title = {Экологическое распределение десятиногих раков в Белом море},
  journal = {Зоологический журнал},
  year = {1940},
  volume = {XIX},
  number = {вып. 2},
  language = {russian},
  __markedentry = {[sonya]},
  owner = {sonya},
  timestamp = {2011.05.18}
}

@INPROCEEDINGS{Rusanova_1967,
  author = {М.Н. Русанова},
  title = {Изменчивость основных биологический свойств у массовых видов десятиногих
	раков в различных заливах Белого моря},
  booktitle = {Труды Карельского отделения ГосНИОРХ},
  year = {1968},
  volume = {т. V, вып. 2},
  pages = {124 -- 128},
  address = {Петрозаводск},
  publisher = {Карельское книжное издательство},
  note = {ЗИН: П 722},
  keywords = {Белое море, Decapoda, Pandalus annulicornis, Spirontocaris spinus,
	Hetarius polaris, Eualis gaimardi, Sclerocrangon boreas, Sabinea
	septemcarinata},
  language = {russian},
  owner = {sonya},
  review = {описание биологии каждого вида по заливам - Кандалакшскому и Онежскому},
  timestamp = {2011.05.18}
}

@INPROCEEDINGS{Semenova_1974,
  author = {Н.Л. Семенова},
  title = {Распределение двустворчатого моллюска Macoma balthica (L.) в некоторых
	губах Кандалакшского залива Белого моря},
  booktitle = {Труды ББС МГУ},
  year = {1974},
  number = {4},
  pages = {87-102},
  keywords = {Macoma, Macoma balthica, Белое море, численность},
  language = {russian},
  owner = {sonya},
  review = {Исследования 1962-1966 гг - побережье Великой салмы
	
	
	Губа Подволочье - ширина литорали около 120 м, ВГЛ - плотный глинистый
	грунт, много камней. 
	
	Ниже - песок, заиление увеличивается к урезу воды. 
	
	На литорали мин численность 120 экз./кв.м в ВГЛ, СГЛ - 500 экз./кв.м,
	максимальная в НГЛ - 1240 экз/кв.м. 
	
	В сублиторали - на 1-2 м - 385-450 экз/кв.м, 3 м - 50 экз./кв.м, глубже
	4 м - макома отсутствует.
	
	
	Губа Лобаниха - о. Великий, ширина литорали около 20 м, ВГЛ - мелкие
	камни и галька, СГЛ и НГЛ - песок со слабым заилением. ВГЛ - макома
	отсутствует, СГЛ - численность 20 экз\кв.м, НГЛ - 810 экз./кв.м.
	Сублитораль: 1-2 м - 640-410 экз/кв.м (возможно, т.к. узкая и наполовину
	каменистая литораль здесь так много), 3 м - 40 экз./кв.м, глубже
	- отсутсвует.
	
	
	Пеккелинская губа - литораль шириной 120-140 м, ВГЛ - плотная глина,
	СГЛ и НГЛ - заиленный песок с примесью глины. Вязкий грунт. Ближе
	к урезу воды вязкость уменьшается. Минмальная численность на ВГЛ
	- 43 экз./кв.м, СГЛ - 680 экз./кв.м, НГЛ - 880 экз./кв.м. У нижнего
	уреза воды - 980 экз./кв.м. Сублитораль: 0.5 м - 530 экз./кв.м, 1м
	- 130 экз.\кв.м, 2-3 м - 25-30 экз\кв.м, глубже - около 3 экз/кв.м
	
	
	Губа в районе ББС - ширина литорали 70-80 м, слабозаиленный песок,
	в ВГЛ с большой примесью камней. Численность маком в ВГЛ - 80 экз./кв.м,
	СГЛ - 820 экз./кв.м, НГЛ - 2760 экз./кв.м, 0.25 м - 3550 экз./кв.м,
	1 м - 220 экз./кв.м.
	
	
	Ермолинская губа - ширина литорали 100 м, на входе в губу корги, мидиевая
	банка, фукоиды. В куту - Zostera, впадает ручей. Грунт - няша (вязкий,
	жидкий ил). Численность маком в ВГЛ - 75 экз./кв.м, СГЛ - 375 экз./кв.м,
	НГЛ - 400 экз/кв.м, 0.5 м - 340 экз./кв.м, 2-3 м - 160-180 экз./кв.м,
	4 м - 130 экз./кв.м. В сублиторали - повсеместно, является руководящей
	формой. 
	
	
	Т.е. везде наблюдается четкая зональность - мин в ВГЛ, макс - в НГЛ.
	Макома есть в сублиторали до примерно 4 м - характерно для Белого
	моря, видимо из-за опреснения [Гурвич, 1934; Гурьянова, 1949; Броцкая,
	Тарасова, 1963].
	
	Видимо, в Ермолинской губе макомы встречаются по всей сублиторали,
	т.к. есть неразложившиеся остатки и на них микроорганизмы.
	
	Распределение маком зависит от наличия заиленных песчаных пляжей.
	
	Средняя численность (кроме ББС) 400-700 экз./кв.м, макс. - 1200-1800
	экз./кв.м, на ББС - 2380 средняя, 4820 - максимальная.},
  timestamp = {2010.03.10}
}

@INPROCEEDINGS{Semenova_1970,
  author = {Н.Л. Семенова},
  title = {Линейный рост Macoma balthica (L.) в Кандалакшском заливе Белого
	моря},
  year = {1970},
  __markedentry = {[sonya]},
  language = {russian},
  owner = {sonya},
  timestamp = {2010.05.13}
}

@INPROCEEDINGS{Streltsov_et_al_1974,
  author = {Стрельцов, ВЕ and Агарова, ИЯ and Петухов, ВЛ},
  title = {Зообентос и оценка органического вещества в морских донных осадках
	песчаной литорали Дальнего Пляжа (Баренцево море)},
  booktitle = {Донные отложения и биогеоценозы Баренцева и Белого морей.},
  year = {1974},
  pages = {129--141},
  address = {Апатиты}
}

@PERIODICAL{Nazarova_2004,
  title = {Ракурс. Педагогический журнал. СПбГДТЮ.},
  year = {2004},
  editor = {Нина Яковлевна Машарская and Алексей Валерьевич Полоскин and Алексей
	Алексеевич Буров and София Александровна Назарова},
  language = {russian},
  number = {21},
  organization = {СПбГДТЮ},
  keywords = {my publications},
  owner = {sonya},
  timestamp = {2011.06.29}
}

@comment{jabref-meta: selector_publisher:}

@comment{jabref-meta: selector_author:A. McErlean;A. Naumov;Alexey Pol
oskin;Andrei Granovitch;B. Vincent;Bernhard Hausdorf;C. Amiard-Triquet
;C. Brassard;C. Reading;Christian Hennig;D. Joly;E. Bonsdorff;E. Knol;
Eugene Genelt-Yanovskiy;G. Bachelet;G. Cadée;G. Edjung;G. Filteau;G.Be
rgh;H. Hummel;Han Olff;J. A.. Commito;J. Beukema;J. Drent;J. F. Allen;
J. L. Tremblay;J. M. Jansen;Jaap van der Meer;Jan A. van Gils;Jensen, 
J\\orgen N\\orrevang;Jensen, Kurt Thomas;K. Sokolov ;K. Vogel;Kurt Tho
mas Jensen;L. Byren;L. de Wolf;L. Elmgren;L. Polishchuk ;M. Desprez;M.
 Gantsevich;M. J. Risk;M. Laakso;Mary Ann Gilbert;Matthijs van der Gee
st;Petr Strelkov;R. Bogaards;R. Dekker;R. H. Green;R. Lande;R. Lavoie;
R. W. M.Hirtle;Rochelle D. Seitz;Roman Wenne;S. Dahle;S. Denisenko;S. 
Engen;Sophia Nazarova;T. Bek ;T. R. Turk;T. Stro:mgren;Theunis Piersma
;Yeo R. K.;А. А. Гусев;А.В. Герасимова;А.В. Полоскин;А.И. Бабков;Е.М. 
Чабан;М.А. Зубаха;Н.А. Гольцев;Н.В. Максимович;Н.Л. Семенова ;Т.А. Кун
ина;Т.В. Меньшуткина;}

@comment{jabref-meta: selector_journal:Biological bulletin;Chesapeake 
Science;Comparative Biochemistry and Physiology - Part A: Molecular & 
Integrative Physiology ;Estuarine and coastal marine science;Journal o
f Experimental Marine Biology and Ecology;Marine biology;Marine Ecolog
y Progress Series;Marine Pollution Bulletin;Nautilus;Sarsia;Вестник ЛГ
У;Вестник Российского государственного университета им. И. Канта;Вестн
икСПбГУ;}

@comment{jabref-meta: selector_keywords:Amphipoda;Arctica islandica;Ba
lsfjord (Норвегия);Bivalvia;bottom-up control;Cerastoderma edule;Crang
on allmani;Crangon crangon;Dutch Wadden Sea;Eualus gaimardi;geographic
 cline;Isopoda;Lebbeus polaris;Lucinidae;Macoma;Macoma balthica;Macoma
 calcarea;Macrura;Mark-and-recapture;Mollusca;Monoporeia affinis;Muscu
lus niger;my publications;Mya arenaria;Mytilus;Mytilus edulis;Pandalus
 annulicornis;Pandalus borealis;particle size;Portlandia arctica;Rand 
Harbor, Falmouth, Massachusets;Sabinea septemcarinata;Saduria entomon;
Sclerocrangon boreas;Serripes gröenlandicus;Spirontocaris phippsii;Spi
rontocaris spinus;Wadden Sea;Yoldia amygdalea hyperborea;Zostera;адапт
ации;Арктика;Балтийское море Baltic Sea;Баренцево море Barents Sea ;Бе
лое море;биомасса;взморник Seagrass;влияние плотности Dencity effect;в
ремя развития;выживаемость;генетика;гидрологические сезоны;гидрология;
гонады gonad;границы распределения;губа Чупа;динамика dynamic;длина ра
ковины;дневная скорость роста Daily Growth rate;изменение климата clim
at change;изменения массы weight changes;калорийность caloric content;
литораль intertidal zone;литоральная илистая отмель intertidal mudflat
;личинки;макробенос;максимальный размер maximum size;метаморфоз;миграц
ии migration;мои статьи my articles;норма реакции;отношения хищник-жер
тва;пищевые предпочтения;пищевые условия feeding conditions;пластичнос
ть развития;полевой эксперимент field experiment;пополнение поселений 
recruitment;пост-ларвальные ракушки;продолжительность жизни longevity;
продукция production;размерная структура;размеры добычи;распределение 
distribution;рост growth;сводка по чужим данным;Северное море North Se
a;сезон роста annual growing season;системы мягких грунтов soft-bottom
 system;смертность mortality;соленость salinity;структура популяции po
pulation structure;температура temperature;температура воды water temp
erature;тип грунта sediment type;флуорисцентные метки in situ fluoresc
ent marking ;фуражировка, кормодобывание;хищничество predation;численн
ость;эстуарные градиенты estuarine gradient;}

