% This file was created with JabRef 2.6.
% Encoding: UTF-8

@ARTICLE{Genelt-Yanovskiy_et_al_2010,
  author = {Eugene Genelt-Yanovskiy and Alexey Poloskin and Andrei Granovitch
	and Sophia Nazarova and Petr Strelkov},
  title = {Population structure and growth rates at biogeographic extrems: A
	case study of the common cockle, Cerastoderma edule (L.) in the Barentc
	Sea},
  journal = {Marine Pollution Bulletin},
  year = {2010},
  volume = {61},
  pages = {247-253},
  abstract = {A descriptive study of population structure, growth rates and shell
	morphometry was conducted on nine intertidal populations of the infaunal
	bivalve Cerastoderma edule in the Murmansk coast of the Barents Sea.
	Year-to-year population dynamics was analyzed during 2002–2006 on
	a tidal flat Dalniy Plaj (eastern Barents Sea Murmansk coast). The
	region constitutes the northern extremes of C. edule range where
	populations occupied the middle to low intertidal zone and were characterized
	by low densities. The distribution of age groups and unstable age
	structure across years in the cockle populations suggest irregular
	recruitment. Growth rates and shell morphometry showed little variation
	across the populations studied, and there were no gradient changes
	from the west to the east parts of Murmansk coast.},
  doi = {10.1016/j.marpolbul.2010.02.021},
  keywords = {Cerastoderma edule, Баренцево море Barents Sea, рост growth, структура
	популяции population structure, мои статьи my articles},
  owner = {sonya},
  timestamp = {2010.05.25}
}


@CONFERENCE{Genelt_2008,
  author = {Евгений Александрович Генельт-Яновский and София Александровна Назарова
	and Дмитрий С. Кобылков},
  title = {Закономерности в распределении некоторых видов макробентоса литорали
	Мурманского побережья Баренцева моря: агрегации или градиенты?},
  booktitle = {Тезисы докладов IX научной сессии Морской биологической станции СПбГУ
	(8 февраля 2008 г.).},
  year = {2008},
  pages = {45 -- 46},
  language = {russian},
  owner = {sonya},
  timestamp = {2011.07.14}
}



@ARTICLE{Nazarova_2003,
  author = {София Александровна Назарова},
  title = {Анализ многолетней динамики структуры поселений Macoma balthica (L.,
	1758) в районе Лувеньгских шхер (Кандалакшский залив Белого моря)},
  journal = {Аничковский Вестник. Материалы XIII открытой научно-практической
	конференции Аничкова лицея. Математическая физика, биология, психология},
  year = {2003},
  volume = {34},
  pages = {55-61},
  language = {russian},
  owner = {sonya},
  timestamp = {2011.06.29}
}

@INPROCEEDINGS{Nazarova_2008,
  author = {София Александровна Назарова and Евгений Александрович Генельт-Яновский},
  title = {Структурно-функциональные характеристики поселений Macoma balthica
	L. в осушной зоне Мурманского побережья Баренцева моря},
  booktitle = {Материалы научной конференции, посвященной 70-летию ББС им. Перцова
	9-10 августа 2008 года},
  year = {2008},
  pages = {81 -- 85},
  language = {russian},
  owner = {sonya},
  timestamp = {2011.07.14}
}

@ARTICLE{Nazarova_et_al_2010,
  author = {София Александровна Назарова and Евгений Александрович Генельт-Яновский
	and Николай Владимирович Максимович},
  title = {Линейный рост Macoma balthica в осушной зоне Мурманского побережья
	Баренцева моря},
  journal = {Вестник Санкт-Петербургского государственного университета. Серия
	3. Биология.},
  year = {2010},
  volume = {4},
  pages = {35 -- 43},
  language = {russian},
  keywords = {my publications, мои статьи my articles,},
  owner = {sonya},
  timestamp = {2011.07.14}
}

@CONFERENCE{Nazarova_2010,
  author = {София Александровна Назарова and Николай Владимирович Максимович
	and Евгений Александрович Генельт-Яновский},
  title = {Линейный рост Macoma balthica на Мурмане: географическая или биотопическая
	неоднородность?},
  booktitle = {XI научная сессия МБС СПбГУ. Тезисы докладов},
  year = {2010},
  keywords = {my publications, Macoma balthica, рост growth, Белое море White sea},
  language = {russian},
  owner = {sonya},
  timestamp = {2011.07.14}
}

@CONFERENCE{Nazarova_Poloskin_2005,
  author = {Назарова, София Александровна and Полоскин, Алексей Валерьевич},
  title = {О флуктуациях численности Macoma balthica L. В популяциях кутовой
	части Кандалакшского залива (Белое море)},
  booktitle = {Тезисы докладов VI научной сессии Морской биологической станции СПбГУ
	(8 февраля 2005 г.)},
  year = {2005},
  pages = {51-52},
  keywords = {my publications},
  language = {russian},
  owner = {sonya},
  timestamp = {2011.06.29}
}


